Timestamp,Exchange,Pair,Bid,Ask,Last,Spread,Volume,Change,PricePerUSD
2025-08-05T22:23:51.175Z,RAPIRA,USDT/RUB,80.9668548,80.988146824,,0.026297210201135932,,,
2025-08-05T22:23:51.935Z,GRINEX,USDT/RUB,80.78,80.98,,0.2475860361475648,,,
2025-08-05T22:23:52.350Z,GRINEX,USDT/A7A5,80.752533774,80.97,,0.26929956973067387,,,
2025-08-05T22:23:55.390Z,MOEX,USDRUBF,,,80.13,,7649,0.18,0.08012999999999999
2025-08-05T22:23:55.585Z,MOEX,Si-9.25,,,81128,,22767,0.14,81.128
2025-08-05T22:23:55.776Z,MOEX,Si-12.25,,,83962,,1087,0.18,83.962
2025-08-05T22:23:55.966Z,MOEX,Si-3.26,,,86964,,7,0.23,86.964
2025-08-05T22:24:26.482Z,RAPIRA,USDT/RUB,80.9668548,80.988146824,,0.026297210201135932,,,
2025-08-05T22:24:27.078Z,GRINEX,USDT/RUB,80.78,80.98,,0.2475860361475648,,,
2025-08-05T22:24:27.300Z,GRINEX,USDT/A7A5,80.752533774,80.97,,0.26929956973067387,,,
2025-08-05T22:24:27.841Z,MOEX,USDRUBF,,,80.13,,7649,0.18,0.08012999999999999
2025-08-05T22:24:28.204Z,MOEX,Si-9.25,,,81128,,22767,0.14,81.128
2025-08-05T22:24:28.395Z,MOEX,Si-12.25,,,83962,,1087,0.18,83.962
2025-08-05T22:24:28.764Z,MOEX,Si-3.26,,,86964,,7,0.23,86.964
2025-08-05T22:24:56.469Z,RAPIRA,USDT/RUB,80.9668548,80.9887272142198,,0.027014034661254877,,,
2025-08-05T22:24:57.068Z,GRINEX,USDT/RUB,80.78,80.98,,0.2475860361475648,,,
2025-08-05T22:24:57.473Z,GRINEX,USDT/A7A5,80.752533774,80.97,,0.26929956973067387,,,
2025-08-05T22:24:58.012Z,MOEX,USDRUBF,,,80.13,,7649,0.18,0.08012999999999999
2025-08-05T22:24:58.204Z,MOEX,Si-9.25,,,81128,,22767,0.14,81.128
2025-08-05T22:24:58.397Z,MOEX,Si-12.25,,,83962,,1087,0.18,83.962
2025-08-05T22:24:58.573Z,MOEX,Si-3.26,,,86964,,7,0.23,86.964
2025-08-05T22:25:26.479Z,RAPIRA,USDT/RUB,80.9668548,80.98933230189577,,0.02776136228991641,,,
2025-08-05T22:25:27.074Z,GRINEX,USDT/RUB,80.78,80.98,,0.2475860361475648,,,
2025-08-05T22:25:27.482Z,GRINEX,USDT/A7A5,80.752533774,80.97,,0.26929956973067387,,,
2025-08-05T22:25:28.013Z,MOEX,USDRUBF,,,80.13,,7649,0.18,0.08012999999999999
2025-08-05T22:25:28.207Z,MOEX,Si-9.25,,,81128,,22767,0.14,81.128
2025-08-05T22:25:28.398Z,MOEX,Si-12.25,,,83962,,1087,0.18,83.962
2025-08-05T22:25:28.593Z,MOEX,Si-3.26,,,86964,,7,0.23,86.964
2025-08-05T22:25:56.510Z,RAPIRA,USDT/RUB,80.9668548,80.98933230189577,,0.02776136228991641,,,
2025-08-05T22:25:57.107Z,GRINEX,USDT/RUB,80.78,80.98,,0.2475860361475648,,,
2025-08-05T22:25:57.526Z,GRINEX,USDT/A7A5,80.752533774,80.97,,0.26929956973067387,,,
2025-08-05T22:25:58.063Z,MOEX,USDRUBF,,,80.13,,7649,0.18,0.08012999999999999
2025-08-05T22:25:58.271Z,MOEX,Si-9.25,,,81128,,22767,0.14,81.128
2025-08-05T22:25:58.465Z,MOEX,Si-12.25,,,83962,,1087,0.18,83.962
2025-08-05T22:25:58.664Z,MOEX,Si-3.26,,,86964,,7,0.23,86.964
2025-08-05T22:26:26.471Z,RAPIRA,USDT/RUB,80.9668548,80.98933230189577,,0.02776136228991641,,,
2025-08-05T22:26:27.027Z,GRINEX,USDT/RUB,80.78,80.98,,0.2475860361475648,,,
2025-08-05T22:26:27.379Z,GRINEX,USDT/A7A5,80.752533774,80.97,,0.26929956973067387,,,
2025-08-05T22:26:27.916Z,MOEX,USDRUBF,,,80.13,,7649,0.18,0.08012999999999999
2025-08-05T22:26:28.107Z,MOEX,Si-9.25,,,81128,,22767,0.14,81.128
2025-08-05T22:26:28.296Z,MOEX,Si-12.25,,,83962,,1087,0.18,83.962
2025-08-05T22:26:28.489Z,MOEX,Si-3.26,,,86964,,7,0.23,86.964
2025-08-05T22:26:56.460Z,RAPIRA,USDT/RUB,80.9668548,80.98992010135242,,0.02848733770060164,,,
2025-08-05T22:26:57.073Z,GRINEX,USDT/RUB,80.78,80.98,,0.2475860361475648,,,
2025-08-05T22:26:57.307Z,GRINEX,USDT/A7A5,80.752533774,80.97,,0.26929956973067387,,,
2025-08-05T22:26:57.848Z,MOEX,USDRUBF,,,80.13,,7649,0.18,0.08012999999999999
2025-08-05T22:26:58.040Z,MOEX,Si-9.25,,,81128,,22767,0.14,81.128
2025-08-05T22:26:58.235Z,MOEX,Si-12.25,,,83962,,1087,0.18,83.962
2025-08-05T22:26:58.425Z,MOEX,Si-3.26,,,86964,,7,0.23,86.964
2025-08-05T22:27:26.466Z,RAPIRA,USDT/RUB,80.9668548,80.98992010135242,,0.02848733770060164,,,
2025-08-05T22:27:26.995Z,GRINEX,USDT/RUB,80.78,80.98,,0.2475860361475648,,,
2025-08-05T22:27:27.398Z,GRINEX,USDT/A7A5,80.752533774,80.97,,0.26929956973067387,,,
2025-08-05T22:27:27.939Z,MOEX,USDRUBF,,,80.13,,7649,0.18,0.08012999999999999
2025-08-05T22:27:28.130Z,MOEX,Si-9.25,,,81128,,22767,0.14,81.128
2025-08-05T22:27:28.322Z,MOEX,Si-12.25,,,83962,,1087,0.18,83.962
2025-08-05T22:27:28.513Z,MOEX,Si-3.26,,,86964,,7,0.23,86.964
2025-08-05T22:27:56.470Z,RAPIRA,USDT/RUB,80.9668548,80.98992010135242,,0.02848733770060164,,,
2025-08-05T22:27:56.949Z,GRINEX,USDT/RUB,80.78,80.98,,0.2475860361475648,,,
2025-08-05T22:27:57.484Z,GRINEX,USDT/A7A5,80.752533774,80.97,,0.26929956973067387,,,
2025-08-05T22:27:58.017Z,MOEX,USDRUBF,,,80.13,,7649,0.18,0.08012999999999999
2025-08-05T22:27:58.206Z,MOEX,Si-9.25,,,81128,,22767,0.14,81.128
2025-08-05T22:27:58.394Z,MOEX,Si-12.25,,,83962,,1087,0.18,83.962
2025-08-05T22:27:58.582Z,MOEX,Si-3.26,,,86964,,7,0.23,86.964
2025-08-05T22:28:26.505Z,RAPIRA,USDT/RUB,80.9668548,80.99,,0.028586018386380335,,,
2025-08-05T22:28:27.502Z,GRINEX,USDT/RUB,80.78,80.98,,0.2475860361475648,,,
2025-08-05T22:28:28.423Z,GRINEX,USDT/A7A5,80.752533774,80.97,,0.26929956973067387,,,
2025-08-05T22:28:28.967Z,MOEX,USDRUBF,,,80.13,,7649,0.18,0.08012999999999999
2025-08-05T22:28:29.163Z,MOEX,Si-9.25,,,81128,,22767,0.14,81.128
2025-08-05T22:28:29.525Z,MOEX,Si-12.25,,,83962,,1087,0.18,83.962
2025-08-05T22:28:29.717Z,MOEX,Si-3.26,,,86964,,7,0.23,86.964
2025-08-05T22:28:56.500Z,RAPIRA,USDT/RUB,80.9678064,80.99,,0.027410400487266087,,,
2025-08-05T22:28:57.463Z,GRINEX,USDT/RUB,80.78,80.98,,0.2475860361475648,,,
2025-08-05T22:28:58.413Z,GRINEX,USDT/A7A5,80.752533774,80.97,,0.26929956973067387,,,
2025-08-05T22:28:58.950Z,MOEX,USDRUBF,,,80.13,,7649,0.18,0.08012999999999999
2025-08-05T22:28:59.144Z,MOEX,Si-9.25,,,81128,,22767,0.14,81.128
2025-08-05T22:28:59.338Z,MOEX,Si-12.25,,,83962,,1087,0.18,83.962
2025-08-05T22:28:59.529Z,MOEX,Si-3.26,,,86964,,7,0.23,86.964
2025-08-05T22:29:26.496Z,RAPIRA,USDT/RUB,80.9633028046988,80.99,,0.03297443950081378,,,
2025-08-05T22:29:27.467Z,GRINEX,USDT/RUB,80.78,80.98,,0.2475860361475648,,,
2025-08-05T22:29:28.456Z,GRINEX,USDT/A7A5,80.752533774,80.97,,0.26929956973067387,,,
2025-08-05T22:29:28.997Z,MOEX,USDRUBF,,,80.13,,7649,0.18,0.08012999999999999
2025-08-05T22:29:29.191Z,MOEX,Si-9.25,,,81128,,22767,0.14,81.128
2025-08-05T22:29:29.385Z,MOEX,Si-12.25,,,83962,,1087,0.18,83.962
2025-08-05T22:29:29.746Z,MOEX,Si-3.26,,,86964,,7,0.23,86.964
2025-08-05T22:29:56.483Z,RAPIRA,USDT/RUB,80.9625462046988,80.99,,0.0339092538317493,,,
2025-08-05T22:29:57.481Z,GRINEX,USDT/RUB,80.78,80.98,,0.2475860361475648,,,
2025-08-05T22:29:58.351Z,GRINEX,USDT/A7A5,80.75,80.97,,0.2724458204334351,,,
2025-08-05T22:29:58.899Z,MOEX,USDRUBF,,,80.13,,7649,0.18,0.08012999999999999
2025-08-05T22:29:59.095Z,MOEX,Si-9.25,,,81128,,22767,0.14,81.128
2025-08-05T22:29:59.288Z,MOEX,Si-12.25,,,83962,,1087,0.18,83.962
2025-08-05T22:29:59.483Z,MOEX,Si-3.26,,,86964,,7,0.23,86.964
2025-08-05T22:30:26.483Z,RAPIRA,USDT/RUB,80.9625462046988,80.99,,0.0339092538317493,,,
2025-08-05T22:30:27.492Z,GRINEX,USDT/RUB,80.78,80.98,,0.2475860361475648,,,
2025-08-05T22:30:28.352Z,GRINEX,USDT/A7A5,80.75,80.967459952,,0.26930025015479714,,,
2025-08-05T22:30:28.891Z,MOEX,USDRUBF,,,80.13,,7649,0.18,0.08012999999999999
2025-08-05T22:30:29.087Z,MOEX,Si-9.25,,,81128,,22767,0.14,81.128
2025-08-05T22:30:29.300Z,MOEX,Si-12.25,,,83962,,1087,0.18,83.962
2025-08-05T22:30:29.494Z,MOEX,Si-3.26,,,86964,,7,0.23,86.964
2025-08-05T22:30:56.498Z,RAPIRA,USDT/RUB,80.9625462046988,80.99,,0.0339092538317493,,,
2025-08-05T22:30:57.714Z,GRINEX,USDT/RUB,80.78,80.98,,0.2475860361475648,,,
2025-08-05T22:30:58.696Z,GRINEX,USDT/A7A5,80.75,80.967459952,,0.26930025015479714,,,
2025-08-05T22:30:59.234Z,MOEX,USDRUBF,,,80.13,,7649,0.18,0.08012999999999999
2025-08-05T22:30:59.430Z,MOEX,Si-9.25,,,81128,,22767,0.14,81.128
2025-08-05T22:30:59.625Z,MOEX,Si-12.25,,,83962,,1087,0.18,83.962
2025-08-05T22:30:59.820Z,MOEX,Si-3.26,,,86964,,7,0.23,86.964
2025-08-05T22:31:26.481Z,RAPIRA,USDT/RUB,80.9625462046988,80.99,,0.0339092538317493,,,
2025-08-05T22:31:28.367Z,GRINEX,USDT/RUB,80.78,80.98,,0.2475860361475648,,,
2025-08-05T22:31:29.396Z,GRINEX,USDT/A7A5,80.75,80.967459952,,0.26930025015479714,,,
2025-08-05T22:31:29.935Z,MOEX,USDRUBF,,,80.13,,7649,0.18,0.08012999999999999
2025-08-05T22:31:30.129Z,MOEX,Si-9.25,,,81128,,22767,0.14,81.128
2025-08-05T22:31:30.318Z,MOEX,Si-12.25,,,83962,,1087,0.18,83.962
2025-08-05T22:31:30.674Z,MOEX,Si-3.26,,,86964,,7,0.23,86.964
2025-08-05T22:31:56.480Z,RAPIRA,USDT/RUB,80.9625462046988,80.99,,0.0339092538317493,,,
2025-08-05T22:31:57.428Z,GRINEX,USDT/RUB,80.78,80.98,,0.2475860361475648,,,
2025-08-05T22:31:58.393Z,GRINEX,USDT/A7A5,80.75,80.967459952,,0.26930025015479714,,,
2025-08-05T22:31:58.929Z,MOEX,USDRUBF,,,80.13,,7649,0.18,0.08012999999999999
2025-08-05T22:31:59.126Z,MOEX,Si-9.25,,,81128,,22767,0.14,81.128
2025-08-05T22:31:59.320Z,MOEX,Si-12.25,,,83962,,1087,0.18,83.962
2025-08-05T22:31:59.511Z,MOEX,Si-3.26,,,86964,,7,0.23,86.964
2025-08-05T22:32:26.480Z,RAPIRA,USDT/RUB,80.9625462046988,80.99,,0.0339092538317493,,,
2025-08-05T22:32:27.356Z,GRINEX,USDT/RUB,80.78,80.98,,0.2475860361475648,,,
2025-08-05T22:32:28.266Z,GRINEX,USDT/A7A5,80.75,80.967459952,,0.26930025015479714,,,
2025-08-05T22:32:28.805Z,MOEX,USDRUBF,,,80.13,,7649,0.18,0.08012999999999999
2025-08-05T22:32:28.997Z,MOEX,Si-9.25,,,81128,,22767,0.14,81.128
2025-08-05T22:32:29.190Z,MOEX,Si-12.25,,,83962,,1087,0.18,83.962
2025-08-05T22:32:29.384Z,MOEX,Si-3.26,,,86964,,7,0.23,86.964
2025-08-05T22:32:56.488Z,RAPIRA,USDT/RUB,80.9625462046988,80.99,,0.0339092538317493,,,
2025-08-05T22:32:57.447Z,GRINEX,USDT/RUB,80.78,80.98,,0.2475860361475648,,,
2025-08-05T22:32:58.439Z,GRINEX,USDT/A7A5,80.75,80.967459952,,0.26930025015479714,,,
2025-08-05T22:32:58.984Z,MOEX,USDRUBF,,,80.13,,7649,0.18,0.08012999999999999
2025-08-05T22:32:59.180Z,MOEX,Si-9.25,,,81128,,22767,0.14,81.128
2025-08-05T22:32:59.371Z,MOEX,Si-12.25,,,83962,,1087,0.18,83.962
2025-08-05T22:32:59.569Z,MOEX,Si-3.26,,,86964,,7,0.23,86.964
2025-08-05T22:33:26.483Z,RAPIRA,USDT/RUB,80.9625462046988,80.98886698,,0.03250981661897581,,,
2025-08-05T22:33:27.390Z,GRINEX,USDT/RUB,80.78,80.98,,0.2475860361475648,,,
2025-08-05T22:33:28.385Z,GRINEX,USDT/A7A5,80.75,80.967459952,,0.26930025015479714,,,
2025-08-05T22:33:28.931Z,MOEX,USDRUBF,,,80.13,,7649,0.18,0.08012999999999999
2025-08-05T22:33:29.124Z,MOEX,Si-9.25,,,81128,,22767,0.14,81.128
2025-08-05T22:33:29.318Z,MOEX,Si-12.25,,,83962,,1087,0.18,83.962
2025-08-05T22:33:29.512Z,MOEX,Si-3.26,,,86964,,7,0.23,86.964
2025-08-05T22:33:56.476Z,RAPIRA,USDT/RUB,80.9625462046988,80.98886698,,0.03250981661897581,,,
2025-08-05T22:33:57.459Z,GRINEX,USDT/RUB,80.78,80.98,,0.2475860361475648,,,
2025-08-05T22:34:00.125Z,GRINEX,USDT/A7A5,80.75,80.967459952,,0.26930025015479714,,,
2025-08-05T22:34:00.659Z,MOEX,USDRUBF,,,80.13,,7649,0.18,0.08012999999999999
2025-08-05T22:34:00.850Z,MOEX,Si-9.25,,,81128,,22767,0.14,81.128
2025-08-05T22:34:01.043Z,MOEX,Si-12.25,,,83962,,1087,0.18,83.962
2025-08-05T22:34:01.240Z,MOEX,Si-3.26,,,86964,,7,0.23,86.964
2025-08-05T22:34:26.474Z,RAPIRA,USDT/RUB,80.9625462046988,80.98886698,,0.03250981661897581,,,
2025-08-05T22:34:27.464Z,GRINEX,USDT/RUB,80.78,80.98,,0.2475860361475648,,,
2025-08-05T22:34:28.505Z,GRINEX,USDT/A7A5,80.75,80.967459952,,0.26930025015479714,,,
2025-08-05T22:34:29.039Z,MOEX,USDRUBF,,,80.13,,7649,0.18,0.08012999999999999
2025-08-05T22:34:29.230Z,MOEX,Si-9.25,,,81128,,22767,0.14,81.128
2025-08-05T22:34:29.421Z,MOEX,Si-12.25,,,83962,,1087,0.18,83.962
2025-08-05T22:34:29.614Z,MOEX,Si-3.26,,,86964,,7,0.23,86.964
2025-08-05T22:34:56.486Z,RAPIRA,USDT/RUB,80.9625462046988,80.98830638999999,,0.03181741003557989,,,
2025-08-05T22:34:57.371Z,GRINEX,USDT/RUB,80.78,80.98,,0.2475860361475648,,,
2025-08-05T22:34:57.714Z,GRINEX,USDT/A7A5,80.75,80.967659852,,0.26954780433436165,,,
2025-08-05T22:34:58.253Z,MOEX,USDRUBF,,,80.13,,7649,0.18,0.08012999999999999
2025-08-05T22:34:58.446Z,MOEX,Si-9.25,,,81128,,22767,0.14,81.128
2025-08-05T22:34:58.625Z,MOEX,Si-12.25,,,83962,,1087,0.18,83.962
2025-08-05T22:34:58.800Z,MOEX,Si-3.26,,,86964,,7,0.23,86.964
2025-08-05T22:35:26.517Z,RAPIRA,USDT/RUB,80.9622868446988,80.98830638999999,,0.032137858644119666,,,
2025-08-05T22:35:27.470Z,GRINEX,USDT/RUB,80.78,80.98,,0.2475860361475648,,,
2025-08-05T22:35:28.469Z,GRINEX,USDT/A7A5,80.75,80.967659852,,0.26954780433436165,,,
2025-08-05T22:35:29.007Z,MOEX,USDRUBF,,,80.13,,7649,0.18,0.08012999999999999
2025-08-05T22:35:29.198Z,MOEX,Si-9.25,,,81128,,22767,0.14,81.128
2025-08-05T22:35:29.387Z,MOEX,Si-12.25,,,83962,,1087,0.18,83.962
2025-08-05T22:35:29.581Z,MOEX,Si-3.26,,,86964,,7,0.23,86.964
2025-08-05T22:35:56.494Z,RAPIRA,USDT/RUB,80.9622868446988,80.98830638999999,,0.032137858644119666,,,
2025-08-05T22:35:57.493Z,GRINEX,USDT/RUB,80.78,80.98,,0.2475860361475648,,,
2025-08-05T22:35:58.467Z,GRINEX,USDT/A7A5,80.75,80.967659852,,0.26954780433436165,,,
2025-08-05T22:35:59.004Z,MOEX,USDRUBF,,,80.13,,7649,0.18,0.08012999999999999
2025-08-05T22:35:59.197Z,MOEX,Si-9.25,,,81128,,22767,0.14,81.128
2025-08-05T22:35:59.390Z,MOEX,Si-12.25,,,83962,,1087,0.18,83.962
2025-08-05T22:35:59.581Z,MOEX,Si-3.26,,,86964,,7,0.23,86.964
2025-08-05T22:36:26.637Z,RAPIRA,USDT/RUB,80.9622868446988,80.98830638999999,,0.032137858644119666,,,
2025-08-05T22:36:27.605Z,GRINEX,USDT/RUB,80.78,80.98,,0.2475860361475648,,,
2025-08-05T22:36:28.011Z,GRINEX,USDT/A7A5,80.75,80.967659852,,0.26954780433436165,,,
2025-08-05T22:36:30.887Z,MOEX,USDRUBF,,,80.13,,7649,0.18,0.08012999999999999
2025-08-05T22:36:31.083Z,MOEX,Si-9.25,,,81128,,22767,0.14,81.128
2025-08-05T22:36:31.276Z,MOEX,Si-12.25,,,83962,,1087,0.18,83.962
2025-08-05T22:36:31.467Z,MOEX,Si-3.26,,,86964,,7,0.23,86.964
2025-08-05T22:36:56.480Z,RAPIRA,USDT/RUB,80.9622868446988,80.98830638999999,,0.032137858644119666,,,
2025-08-05T22:36:57.502Z,GRINEX,USDT/RUB,80.78,80.98,,0.2475860361475648,,,
2025-08-05T22:36:58.361Z,GRINEX,USDT/A7A5,80.75,80.967659852,,0.26954780433436165,,,
2025-08-05T22:36:58.893Z,MOEX,USDRUBF,,,80.13,,7649,0.18,0.08012999999999999
2025-08-05T22:36:59.085Z,MOEX,Si-9.25,,,81128,,22767,0.14,81.128
2025-08-05T22:36:59.277Z,MOEX,Si-12.25,,,83962,,1087,0.18,83.962
2025-08-05T22:36:59.471Z,MOEX,Si-3.26,,,86964,,7,0.23,86.964
2025-08-05T22:37:26.478Z,RAPIRA,USDT/RUB,80.9622868446988,80.98930739100099,,0.03337423800049921,,,
2025-08-05T22:37:27.331Z,GRINEX,USDT/RUB,80.78,80.98,,0.2475860361475648,,,
2025-08-05T22:37:28.419Z,GRINEX,USDT/A7A5,80.75,80.967659852,,0.26954780433436165,,,
2025-08-05T22:37:28.946Z,MOEX,USDRUBF,,,80.13,,7649,0.18,0.08012999999999999
2025-08-05T22:37:29.133Z,MOEX,Si-9.25,,,81128,,22767,0.14,81.128
2025-08-05T22:37:29.324Z,MOEX,Si-12.25,,,83962,,1087,0.18,83.962
2025-08-05T22:37:29.517Z,MOEX,Si-3.26,,,86964,,7,0.23,86.964
2025-08-05T22:37:56.517Z,RAPIRA,USDT/RUB,80.96162184649853,80.98930739100099,,0.03419588673131085,,,
2025-08-05T22:37:57.481Z,GRINEX,USDT/RUB,80.78,80.98,,0.2475860361475648,,,
2025-08-05T22:37:58.306Z,GRINEX,USDT/A7A5,80.75,80.967659852,,0.26954780433436165,,,
2025-08-05T22:37:58.843Z,MOEX,USDRUBF,,,80.13,,7649,0.18,0.08012999999999999
2025-08-05T22:37:59.041Z,MOEX,Si-9.25,,,81128,,22767,0.14,81.128
2025-08-05T22:37:59.231Z,MOEX,Si-12.25,,,83962,,1087,0.18,83.962
2025-08-05T22:37:59.422Z,MOEX,Si-3.26,,,86964,,7,0.23,86.964
2025-08-05T22:38:26.512Z,RAPIRA,USDT/RUB,80.96100433383953,80.98930739100099,,0.03495887605934263,,,
2025-08-05T22:38:27.443Z,GRINEX,USDT/RUB,80.78,80.98,,0.2475860361475648,,,
2025-08-05T22:38:28.497Z,GRINEX,USDT/A7A5,80.75,80.967659852,,0.26954780433436165,,,
2025-08-05T22:38:29.036Z,MOEX,USDRUBF,,,80.13,,7649,0.18,0.08012999999999999
2025-08-05T22:38:29.233Z,MOEX,Si-9.25,,,81128,,22767,0.14,81.128
2025-08-05T22:38:29.422Z,MOEX,Si-12.25,,,83962,,1087,0.18,83.962
2025-08-05T22:38:29.612Z,MOEX,Si-3.26,,,86964,,7,0.23,86.964
2025-08-05T22:38:56.479Z,RAPIRA,USDT/RUB,80.96100433383953,80.98930739100099,,0.03495887605934263,,,
2025-08-05T22:38:57.459Z,GRINEX,USDT/RUB,80.78,80.98,,0.2475860361475648,,,
2025-08-05T22:38:58.410Z,GRINEX,USDT/A7A5,80.75,80.967659852,,0.26954780433436165,,,
2025-08-05T22:38:58.948Z,MOEX,USDRUBF,,,80.13,,7649,0.18,0.08012999999999999
2025-08-05T22:38:59.137Z,MOEX,Si-9.25,,,81128,,22767,0.14,81.128
2025-08-05T22:38:59.327Z,MOEX,Si-12.25,,,83962,,1087,0.18,83.962
2025-08-05T22:38:59.518Z,MOEX,Si-3.26,,,86964,,7,0.23,86.964
2025-08-05T22:39:26.501Z,RAPIRA,USDT/RUB,80.96100433383953,80.989907391001,,0.035699973585173246,,,
2025-08-05T22:39:27.462Z,GRINEX,USDT/RUB,80.78,80.98,,0.2475860361475648,,,
2025-08-05T22:39:28.444Z,GRINEX,USDT/A7A5,80.75,80.967659852,,0.26954780433436165,,,
2025-08-05T22:39:28.980Z,MOEX,USDRUBF,,,80.13,,7649,0.18,0.08012999999999999
2025-08-05T22:39:29.176Z,MOEX,Si-9.25,,,81128,,22767,0.14,81.128
2025-08-05T22:39:29.372Z,MOEX,Si-12.25,,,83962,,1087,0.18,83.962
2025-08-05T22:39:29.731Z,MOEX,Si-3.26,,,86964,,7,0.23,86.964
2025-08-05T22:39:56.503Z,RAPIRA,USDT/RUB,80.96100433383953,80.989907391001,,0.035699973585173246,,,
2025-08-05T22:39:57.374Z,GRINEX,USDT/RUB,80.78,80.98,,0.2475860361475648,,,
2025-08-05T22:39:58.202Z,GRINEX,USDT/A7A5,80.75,80.967659852,,0.26954780433436165,,,
2025-08-05T22:39:58.736Z,MOEX,USDRUBF,,,80.13,,7649,0.18,0.08012999999999999
2025-08-05T22:39:58.931Z,MOEX,Si-9.25,,,81128,,22767,0.14,81.128
2025-08-05T22:39:59.124Z,MOEX,Si-12.25,,,83962,,1087,0.18,83.962
2025-08-05T22:39:59.317Z,MOEX,Si-3.26,,,86964,,7,0.23,86.964
2025-08-05T22:40:26.513Z,RAPIRA,USDT/RUB,80.96100433383953,80.989907391001,,0.035699973585173246,,,
2025-08-05T22:40:27.386Z,GRINEX,USDT/RUB,80.78,80.98,,0.2475860361475648,,,
2025-08-05T22:40:28.457Z,GRINEX,USDT/A7A5,80.75,80.967659852,,0.26954780433436165,,,
2025-08-05T22:40:28.996Z,MOEX,USDRUBF,,,80.13,,7649,0.18,0.08012999999999999
2025-08-05T22:40:29.187Z,MOEX,Si-9.25,,,81128,,22767,0.14,81.128
2025-08-05T22:40:29.378Z,MOEX,Si-12.25,,,83962,,1087,0.18,83.962
2025-08-05T22:40:29.571Z,MOEX,Si-3.26,,,86964,,7,0.23,86.964
2025-08-05T22:40:56.505Z,RAPIRA,USDT/RUB,80.96100433383953,80.989907391001,,0.035699973585173246,,,
2025-08-05T22:40:57.372Z,GRINEX,USDT/RUB,80.78,80.98,,0.2475860361475648,,,
2025-08-05T22:40:58.343Z,GRINEX,USDT/A7A5,80.75,80.967659852,,0.26954780433436165,,,
2025-08-05T22:40:58.879Z,MOEX,USDRUBF,,,80.13,,7649,0.18,0.08012999999999999
2025-08-05T22:40:59.074Z,MOEX,Si-9.25,,,81128,,22767,0.14,81.128
2025-08-05T22:40:59.265Z,MOEX,Si-12.25,,,83962,,1087,0.18,83.962
2025-08-05T22:40:59.456Z,MOEX,Si-3.26,,,86964,,7,0.23,86.964
2025-08-05T22:41:26.503Z,RAPIRA,USDT/RUB,80.96100433383953,80.989907391001,,0.035699973585173246,,,
2025-08-05T22:41:27.373Z,GRINEX,USDT/RUB,80.78,80.98,,0.2475860361475648,,,
2025-08-05T22:41:27.779Z,GRINEX,USDT/A7A5,80.75,80.967659852,,0.26954780433436165,,,
2025-08-05T22:41:28.484Z,MOEX,USDRUBF,,,80.13,,7649,0.18,0.08012999999999999
2025-08-05T22:41:28.677Z,MOEX,Si-9.25,,,81128,,22767,0.14,81.128
2025-08-05T22:41:28.874Z,MOEX,Si-12.25,,,83962,,1087,0.18,83.962
2025-08-05T22:41:29.067Z,MOEX,Si-3.26,,,86964,,7,0.23,86.964
2025-08-05T22:41:56.492Z,RAPIRA,USDT/RUB,80.95974333383951,80.989907391001,,0.0372580938616655,,,
2025-08-05T22:41:57.475Z,GRINEX,USDT/RUB,80.78,80.98,,0.2475860361475648,,,
2025-08-05T22:41:58.475Z,GRINEX,USDT/A7A5,80.75,80.967659852,,0.26954780433436165,,,
2025-08-05T22:41:59.013Z,MOEX,USDRUBF,,,80.13,,7649,0.18,0.08012999999999999
2025-08-05T22:41:59.203Z,MOEX,Si-9.25,,,81128,,22767,0.14,81.128
2025-08-05T22:41:59.393Z,MOEX,Si-12.25,,,83962,,1087,0.18,83.962
2025-08-05T22:41:59.585Z,MOEX,Si-3.26,,,86964,,7,0.23,86.964
2025-08-05T22:42:26.521Z,RAPIRA,USDT/RUB,80.95974333383951,80.989907391001,,0.0372580938616655,,,
2025-08-05T22:42:27.388Z,GRINEX,USDT/RUB,80.78,80.98,,0.2475860361475648,,,
2025-08-05T22:42:28.312Z,GRINEX,USDT/A7A5,80.75,80.967659852,,0.26954780433436165,,,
2025-08-05T22:42:29.021Z,MOEX,USDRUBF,,,80.13,,7649,0.18,0.08012999999999999
2025-08-05T22:42:29.214Z,MOEX,Si-9.25,,,81128,,22767,0.14,81.128
2025-08-05T22:42:29.414Z,MOEX,Si-12.25,,,83962,,1087,0.18,83.962
2025-08-05T22:42:29.611Z,MOEX,Si-3.26,,,86964,,7,0.23,86.964
2025-08-05T22:42:56.525Z,RAPIRA,USDT/RUB,80.95974333383951,80.99,,0.03737248281002908,,,
2025-08-05T22:42:57.475Z,GRINEX,USDT/RUB,80.78,80.98,,0.2475860361475648,,,
2025-08-05T22:42:58.415Z,GRINEX,USDT/A7A5,80.75,80.967659852,,0.26954780433436165,,,
2025-08-05T22:42:58.957Z,MOEX,USDRUBF,,,80.13,,7649,0.18,0.08012999999999999
2025-08-05T22:42:59.149Z,MOEX,Si-9.25,,,81128,,22767,0.14,81.128
2025-08-05T22:42:59.339Z,MOEX,Si-12.25,,,83962,,1087,0.18,83.962
2025-08-05T22:42:59.535Z,MOEX,Si-3.26,,,86964,,7,0.23,86.964
2025-08-05T22:43:26.506Z,RAPIRA,USDT/RUB,80.95974333383951,80.99,,0.03737248281002908,,,
2025-08-05T22:43:27.509Z,GRINEX,USDT/RUB,80.78,80.98,,0.2475860361475648,,,
2025-08-05T22:43:28.449Z,GRINEX,USDT/A7A5,80.75,80.967659852,,0.26954780433436165,,,
2025-08-05T22:43:28.981Z,MOEX,USDRUBF,,,80.13,,7649,0.18,0.08012999999999999
2025-08-05T22:43:29.173Z,MOEX,Si-9.25,,,81128,,22767,0.14,81.128
2025-08-05T22:43:29.367Z,MOEX,Si-12.25,,,83962,,1087,0.18,83.962
2025-08-05T22:43:29.558Z,MOEX,Si-3.26,,,86964,,7,0.23,86.964
2025-08-05T22:43:56.496Z,RAPIRA,USDT/RUB,80.95974333383951,80.99,,0.03737248281002908,,,
2025-08-05T22:43:57.340Z,GRINEX,USDT/RUB,80.78,80.98,,0.2475860361475648,,,
2025-08-05T22:43:58.199Z,GRINEX,USDT/A7A5,80.75,80.967659852,,0.26954780433436165,,,
2025-08-05T22:43:58.733Z,MOEX,USDRUBF,,,80.13,,7649,0.18,0.08012999999999999
2025-08-05T22:43:58.923Z,MOEX,Si-9.25,,,81128,,22767,0.14,81.128
2025-08-05T22:43:59.116Z,MOEX,Si-12.25,,,83962,,1087,0.18,83.962
2025-08-05T22:43:59.308Z,MOEX,Si-3.26,,,86964,,7,0.23,86.964
2025-08-05T22:44:26.523Z,RAPIRA,USDT/RUB,80.95974333383951,80.99,,0.03737248281002908,,,
2025-08-05T22:44:26.885Z,GRINEX,USDT/RUB,80.78,80.98,,0.2475860361475648,,,
2025-08-05T22:44:27.883Z,GRINEX,USDT/A7A5,80.75,80.967659852,,0.26954780433436165,,,
2025-08-05T22:44:28.427Z,MOEX,USDRUBF,,,80.13,,7649,0.18,0.08012999999999999
2025-08-05T22:44:28.622Z,MOEX,Si-9.25,,,81128,,22767,0.14,81.128
2025-08-05T22:44:28.817Z,MOEX,Si-12.25,,,83962,,1087,0.18,83.962
2025-08-05T22:44:29.015Z,MOEX,Si-3.26,,,86964,,7,0.23,86.964
2025-08-05T22:44:56.520Z,RAPIRA,USDT/RUB,80.95950333383952,80.99,,0.037669038105038286,,,
2025-08-05T22:44:57.477Z,GRINEX,USDT/RUB,80.78,80.98,,0.2475860361475648,,,
2025-08-05T22:44:58.418Z,GRINEX,USDT/A7A5,80.75,80.967659852,,0.26954780433436165,,,
2025-08-05T22:44:58.956Z,MOEX,USDRUBF,,,80.13,,7649,0.18,0.08012999999999999
2025-08-05T22:44:59.150Z,MOEX,Si-9.25,,,81128,,22767,0.14,81.128
2025-08-05T22:44:59.343Z,MOEX,Si-12.25,,,83962,,1087,0.18,83.962
2025-08-05T22:44:59.538Z,MOEX,Si-3.26,,,86964,,7,0.23,86.964
2025-08-05T22:45:26.507Z,RAPIRA,USDT/RUB,80.95950333383952,80.99,,0.037669038105038286,,,
2025-08-05T22:45:27.466Z,GRINEX,USDT/RUB,80.78,80.98,,0.2475860361475648,,,
2025-08-05T22:45:28.460Z,GRINEX,USDT/A7A5,80.75,80.967659852,,0.26954780433436165,,,
2025-08-05T22:45:29.000Z,MOEX,USDRUBF,,,80.13,,7649,0.18,0.08012999999999999
2025-08-05T22:45:29.193Z,MOEX,Si-9.25,,,81128,,22767,0.14,81.128
2025-08-05T22:45:29.387Z,MOEX,Si-12.25,,,83962,,1087,0.18,83.962
2025-08-05T22:45:29.578Z,MOEX,Si-3.26,,,86964,,7,0.23,86.964
2025-08-05T22:45:56.530Z,RAPIRA,USDT/RUB,80.95950333383952,80.99,,0.037669038105038286,,,
2025-08-05T22:45:57.303Z,GRINEX,USDT/RUB,80.78,80.98,,0.2475860361475648,,,
2025-08-05T22:45:58.303Z,GRINEX,USDT/A7A5,80.75,80.967659852,,0.26954780433436165,,,
2025-08-05T22:45:58.853Z,MOEX,USDRUBF,,,80.13,,7649,0.18,0.08012999999999999
2025-08-05T22:45:59.051Z,MOEX,Si-9.25,,,81128,,22767,0.14,81.128
2025-08-05T22:45:59.244Z,MOEX,Si-12.25,,,83962,,1087,0.18,83.962
2025-08-05T22:45:59.439Z,MOEX,Si-3.26,,,86964,,7,0.23,86.964
2025-08-05T22:46:26.518Z,RAPIRA,USDT/RUB,80.95950333383952,80.99,,0.037669038105038286,,,
2025-08-05T22:46:27.475Z,GRINEX,USDT/RUB,80.78,80.98,,0.2475860361475648,,,
2025-08-05T22:46:28.333Z,GRINEX,USDT/A7A5,80.75,80.967659852,,0.26954780433436165,,,
2025-08-05T22:46:28.869Z,MOEX,USDRUBF,,,80.13,,7649,0.18,0.08012999999999999
2025-08-05T22:46:29.063Z,MOEX,Si-9.25,,,81128,,22767,0.14,81.128
2025-08-05T22:46:29.255Z,MOEX,Si-12.25,,,83962,,1087,0.18,83.962
2025-08-05T22:46:29.446Z,MOEX,Si-3.26,,,86964,,7,0.23,86.964
2025-08-05T22:46:56.524Z,RAPIRA,USDT/RUB,80.95950333383952,80.99,,0.037669038105038286,,,
2025-08-05T22:46:57.628Z,GRINEX,USDT/RUB,80.78,80.98,,0.2475860361475648,,,
2025-08-05T22:46:58.552Z,GRINEX,USDT/A7A5,80.75,80.967659852,,0.26954780433436165,,,
2025-08-05T22:46:59.258Z,MOEX,USDRUBF,,,80.13,,7649,0.18,0.08012999999999999
2025-08-05T22:46:59.456Z,MOEX,Si-9.25,,,81128,,22767,0.14,81.128
2025-08-05T22:46:59.647Z,MOEX,Si-12.25,,,83962,,1087,0.18,83.962
2025-08-05T22:46:59.837Z,MOEX,Si-3.26,,,86964,,7,0.23,86.964
2025-08-05T22:47:26.538Z,RAPIRA,USDT/RUB,80.95950333383952,80.99,,0.037669038105038286,,,
2025-08-05T22:47:27.401Z,GRINEX,USDT/RUB,80.78,80.98,,0.2475860361475648,,,
2025-08-05T22:47:28.351Z,GRINEX,USDT/A7A5,80.75,80.967659852,,0.26954780433436165,,,
2025-08-05T22:47:28.899Z,MOEX,USDRUBF,,,80.13,,7649,0.18,0.08012999999999999
2025-08-05T22:47:29.262Z,MOEX,Si-9.25,,,81128,,22767,0.14,81.128
2025-08-05T22:47:29.456Z,MOEX,Si-12.25,,,83962,,1087,0.18,83.962
2025-08-05T22:47:29.654Z,MOEX,Si-3.26,,,86964,,7,0.23,86.964
2025-08-05T22:47:56.491Z,RAPIRA,USDT/RUB,80.95950333383952,80.99,,0.037669038105038286,,,
2025-08-05T22:47:57.489Z,GRINEX,USDT/RUB,80.78,80.98,,0.2475860361475648,,,
2025-08-05T22:47:57.878Z,GRINEX,USDT/A7A5,80.75,80.967659852,,0.26954780433436165,,,
2025-08-05T22:47:58.410Z,MOEX,USDRUBF,,,80.13,,7649,0.18,0.08012999999999999
2025-08-05T22:47:58.603Z,MOEX,Si-9.25,,,81128,,22767,0.14,81.128
2025-08-05T22:47:58.796Z,MOEX,Si-12.25,,,83962,,1087,0.18,83.962
2025-08-05T22:47:58.988Z,MOEX,Si-3.26,,,86964,,7,0.23,86.964
2025-08-05T22:48:26.518Z,RAPIRA,USDT/RUB,80.95950333383952,80.99,,0.037669038105038286,,,
2025-08-05T22:48:27.534Z,GRINEX,USDT/RUB,80.78,80.98,,0.2475860361475648,,,
2025-08-05T22:48:28.395Z,GRINEX,USDT/A7A5,80.75,80.967659852,,0.26954780433436165,,,
2025-08-05T22:48:28.935Z,MOEX,USDRUBF,,,80.13,,7649,0.18,0.08012999999999999
2025-08-05T22:48:29.132Z,MOEX,Si-9.25,,,81128,,22767,0.14,81.128
2025-08-05T22:48:29.325Z,MOEX,Si-12.25,,,83962,,1087,0.18,83.962
2025-08-05T22:48:29.517Z,MOEX,Si-3.26,,,86964,,7,0.23,86.964
2025-08-05T22:48:56.695Z,RAPIRA,USDT/RUB,80.95950333383952,80.99,,0.037669038105038286,,,
2025-08-05T22:48:57.746Z,GRINEX,USDT/RUB,80.78,80.98,,0.2475860361475648,,,
2025-08-05T22:48:58.748Z,GRINEX,USDT/A7A5,80.75,80.967659852,,0.26954780433436165,,,
2025-08-05T22:48:59.283Z,MOEX,USDRUBF,,,80.13,,7649,0.18,0.08012999999999999
2025-08-05T22:48:59.478Z,MOEX,Si-9.25,,,81128,,22767,0.14,81.128
2025-08-05T22:48:59.669Z,MOEX,Si-12.25,,,83962,,1087,0.18,83.962
2025-08-05T22:48:59.860Z,MOEX,Si-3.26,,,86964,,7,0.23,86.964
2025-08-05T22:49:26.523Z,RAPIRA,USDT/RUB,80.95950333383952,80.99,,0.037669038105038286,,,
2025-08-05T22:49:27.528Z,GRINEX,USDT/RUB,80.78,80.98,,0.2475860361475648,,,
2025-08-05T22:49:28.526Z,GRINEX,USDT/A7A5,80.75,80.967659852,,0.26954780433436165,,,
2025-08-05T22:49:29.255Z,MOEX,USDRUBF,,,80.13,,7649,0.18,0.08012999999999999
2025-08-05T22:49:29.446Z,MOEX,Si-9.25,,,81128,,22767,0.14,81.128
2025-08-05T22:49:29.638Z,MOEX,Si-12.25,,,83962,,1087,0.18,83.962
2025-08-05T22:49:29.830Z,MOEX,Si-3.26,,,86964,,7,0.23,86.964
2025-08-05T22:49:56.530Z,RAPIRA,USDT/RUB,80.95950333383952,80.99,,0.037669038105038286,,,
2025-08-05T22:49:57.551Z,GRINEX,USDT/RUB,80.78,80.98,,0.2475860361475648,,,
2025-08-05T22:49:58.543Z,GRINEX,USDT/A7A5,80.75,80.967659852,,0.26954780433436165,,,
2025-08-05T22:49:59.081Z,MOEX,USDRUBF,,,80.13,,7649,0.18,0.08012999999999999
2025-08-05T22:49:59.272Z,MOEX,Si-9.25,,,81128,,22767,0.14,81.128
2025-08-05T22:49:59.473Z,MOEX,Si-12.25,,,83962,,1087,0.18,83.962
2025-08-05T22:49:59.666Z,MOEX,Si-3.26,,,86964,,7,0.23,86.964
2025-08-05T22:50:26.543Z,RAPIRA,USDT/RUB,80.95703328383952,80.99,,0.04072125030186098,,,
2025-08-05T22:50:27.534Z,GRINEX,USDT/RUB,80.780105494,80.98,,0.24745511877903417,,,
2025-08-05T22:50:28.468Z,GRINEX,USDT/A7A5,80.75,80.967659852,,0.26954780433436165,,,
2025-08-05T22:50:29.010Z,MOEX,USDRUBF,,,80.13,,7649,0.18,0.08012999999999999
2025-08-05T22:50:29.204Z,MOEX,Si-9.25,,,81128,,22767,0.14,81.128
2025-08-05T22:50:29.399Z,MOEX,Si-12.25,,,83962,,1087,0.18,83.962
2025-08-05T22:50:29.593Z,MOEX,Si-3.26,,,86964,,7,0.23,86.964
2025-08-05T22:50:56.518Z,RAPIRA,USDT/RUB,80.95703328383952,80.99,,0.04072125030186098,,,
2025-08-05T22:50:57.526Z,GRINEX,USDT/RUB,80.780105494,80.98,,0.24745511877903417,,,
2025-08-05T22:50:58.381Z,GRINEX,USDT/A7A5,80.75,80.967659852,,0.26954780433436165,,,
2025-08-05T22:50:58.921Z,MOEX,USDRUBF,,,80.13,,7649,0.18,0.08012999999999999
2025-08-05T22:50:59.111Z,MOEX,Si-9.25,,,81128,,22767,0.14,81.128
2025-08-05T22:50:59.305Z,MOEX,Si-12.25,,,83962,,1087,0.18,83.962
2025-08-05T22:50:59.501Z,MOEX,Si-3.26,,,86964,,7,0.23,86.964
2025-08-05T22:51:26.521Z,RAPIRA,USDT/RUB,80.95703328383952,80.99,,0.04072125030186098,,,
2025-08-05T22:51:27.384Z,GRINEX,USDT/RUB,80.780105494,80.98,,0.24745511877903417,,,
2025-08-05T22:51:28.377Z,GRINEX,USDT/A7A5,80.75,80.967659852,,0.26954780433436165,,,
2025-08-05T22:51:28.917Z,MOEX,USDRUBF,,,80.13,,7649,0.18,0.08012999999999999
2025-08-05T22:51:29.109Z,MOEX,Si-9.25,,,81128,,22767,0.14,81.128
2025-08-05T22:51:29.304Z,MOEX,Si-12.25,,,83962,,1087,0.18,83.962
2025-08-05T22:51:29.496Z,MOEX,Si-3.26,,,86964,,7,0.23,86.964
2025-08-05T22:51:56.552Z,RAPIRA,USDT/RUB,80.95703328383952,80.989860864,,0.040549386296526754,,,
2025-08-05T22:51:57.582Z,GRINEX,USDT/RUB,80.780105494,80.98,,0.24745511877903417,,,
2025-08-05T22:51:58.582Z,GRINEX,USDT/A7A5,80.75,80.967659852,,0.26954780433436165,,,
2025-08-05T22:51:59.120Z,MOEX,USDRUBF,,,80.13,,7649,0.18,0.08012999999999999
2025-08-05T22:51:59.490Z,MOEX,Si-9.25,,,81128,,22767,0.14,81.128
2025-08-05T22:51:59.679Z,MOEX,Si-12.25,,,83962,,1087,0.18,83.962
2025-08-05T22:51:59.871Z,MOEX,Si-3.26,,,86964,,7,0.23,86.964
2025-08-05T22:52:26.519Z,RAPIRA,USDT/RUB,80.95703328383952,80.98986130444044,,0.040549930338751546,,,
2025-08-05T22:52:27.637Z,GRINEX,USDT/RUB,80.780105494,80.98,,0.24745511877903417,,,
2025-08-05T22:52:28.697Z,GRINEX,USDT/A7A5,80.75,80.967659852,,0.26954780433436165,,,
2025-08-05T22:52:29.242Z,MOEX,USDRUBF,,,80.13,,7649,0.18,0.08012999999999999
2025-08-05T22:52:29.434Z,MOEX,Si-9.25,,,81128,,22767,0.14,81.128
2025-08-05T22:52:29.634Z,MOEX,Si-12.25,,,83962,,1087,0.18,83.962
2025-08-05T22:52:29.835Z,MOEX,Si-3.26,,,86964,,7,0.23,86.964
2025-08-05T22:52:56.618Z,RAPIRA,USDT/RUB,80.95703328383952,80.98993525571237,,0.040641276660287246,,,
2025-08-05T22:52:57.631Z,GRINEX,USDT/RUB,80.780105494,80.98,,0.24745511877903417,,,
2025-08-05T22:52:58.485Z,GRINEX,USDT/A7A5,80.75,80.967659852,,0.26954780433436165,,,
2025-08-05T22:52:59.098Z,MOEX,USDRUBF,,,80.13,,7649,0.18,0.08012999999999999
2025-08-05T22:52:59.333Z,MOEX,Si-9.25,,,81128,,22767,0.14,81.128
2025-08-05T22:52:59.559Z,MOEX,Si-12.25,,,83962,,1087,0.18,83.962
2025-08-05T22:52:59.784Z,MOEX,Si-3.26,,,86964,,7,0.23,86.964
2025-08-05T22:53:26.517Z,RAPIRA,USDT/RUB,80.95623328383952,80.99,,0.04170984097306296,,,
2025-08-05T22:53:27.382Z,GRINEX,USDT/RUB,80.780105494,80.98,,0.24745511877903417,,,
2025-08-05T22:53:27.751Z,GRINEX,USDT/A7A5,80.75,80.967659852,,0.26954780433436165,,,
2025-08-05T22:53:28.291Z,MOEX,USDRUBF,,,80.13,,7649,0.18,0.08012999999999999
2025-08-05T22:53:28.492Z,MOEX,Si-9.25,,,81128,,22767,0.14,81.128
2025-08-05T22:53:28.692Z,MOEX,Si-12.25,,,83962,,1087,0.18,83.962
2025-08-05T22:53:29.055Z,MOEX,Si-3.26,,,86964,,7,0.23,86.964
2025-08-05T22:53:56.551Z,RAPIRA,USDT/RUB,80.95623328383952,80.99,,0.04170984097306296,,,
2025-08-05T22:53:57.504Z,GRINEX,USDT/RUB,80.780105494,80.98,,0.24745511877903417,,,
2025-08-05T22:53:57.792Z,GRINEX,USDT/A7A5,80.75,80.967659852,,0.26954780433436165,,,
2025-08-05T22:53:58.336Z,MOEX,USDRUBF,,,80.13,,7649,0.18,0.08012999999999999
2025-08-05T22:53:58.534Z,MOEX,Si-9.25,,,81128,,22767,0.14,81.128
2025-08-05T22:53:58.730Z,MOEX,Si-12.25,,,83962,,1087,0.18,83.962
2025-08-05T22:53:58.923Z,MOEX,Si-3.26,,,86964,,7,0.23,86.964
2025-08-05T22:54:26.533Z,RAPIRA,USDT/RUB,80.95623328383952,80.99,,0.04170984097306296,,,
2025-08-05T22:54:27.624Z,GRINEX,USDT/RUB,80.780105494,80.98,,0.24745511877903417,,,
2025-08-05T22:54:28.558Z,GRINEX,USDT/A7A5,80.75,80.967659852,,0.26954780433436165,,,
2025-08-05T22:54:29.097Z,MOEX,USDRUBF,,,80.13,,7649,0.18,0.08012999999999999
2025-08-05T22:54:29.292Z,MOEX,Si-9.25,,,81128,,22767,0.14,81.128
2025-08-05T22:54:29.483Z,MOEX,Si-12.25,,,83962,,1087,0.18,83.962
2025-08-05T22:54:29.693Z,MOEX,Si-3.26,,,86964,,7,0.23,86.964
2025-08-05T22:54:56.715Z,RAPIRA,USDT/RUB,80.95623328383952,80.99,,0.04170984097306296,,,
2025-08-05T22:54:57.760Z,GRINEX,USDT/RUB,80.780105494,80.98,,0.24745511877903417,,,
2025-08-05T22:54:58.771Z,GRINEX,USDT/A7A5,80.75,80.967659852,,0.26954780433436165,,,
2025-08-05T22:54:59.326Z,MOEX,USDRUBF,,,80.13,,7649,0.18,0.08012999999999999
2025-08-05T22:54:59.535Z,MOEX,Si-9.25,,,81128,,22767,0.14,81.128
2025-08-05T22:54:59.729Z,MOEX,Si-12.25,,,83962,,1087,0.18,83.962
2025-08-05T22:54:59.948Z,MOEX,Si-3.26,,,86964,,7,0.23,86.964
2025-08-05T22:55:26.552Z,RAPIRA,USDT/RUB,80.95623328383952,80.99,,0.04170984097306296,,,
2025-08-05T22:55:27.507Z,GRINEX,USDT/RUB,80.780105494,80.98,,0.24745511877903417,,,
2025-08-05T22:55:28.437Z,GRINEX,USDT/A7A5,80.75,80.967659852,,0.26954780433436165,,,
2025-08-05T22:55:28.979Z,MOEX,USDRUBF,,,80.13,,7649,0.18,0.08012999999999999
2025-08-05T22:55:29.170Z,MOEX,Si-9.25,,,81128,,22767,0.14,81.128
2025-08-05T22:55:29.360Z,MOEX,Si-12.25,,,83962,,1087,0.18,83.962
2025-08-05T22:55:29.551Z,MOEX,Si-3.26,,,86964,,7,0.23,86.964
2025-08-05T22:55:56.572Z,RAPIRA,USDT/RUB,80.95623328383952,80.99,,0.04170984097306296,,,
2025-08-05T22:55:57.532Z,GRINEX,USDT/RUB,80.780105494,80.98,,0.24745511877903417,,,
2025-08-05T22:55:58.478Z,GRINEX,USDT/A7A5,80.75,80.967659852,,0.26954780433436165,,,
2025-08-05T22:55:59.019Z,MOEX,USDRUBF,,,80.13,,7649,0.18,0.08012999999999999
2025-08-05T22:55:59.216Z,MOEX,Si-9.25,,,81128,,22767,0.14,81.128
2025-08-05T22:55:59.414Z,MOEX,Si-12.25,,,83962,,1087,0.18,83.962
2025-08-05T22:55:59.611Z,MOEX,Si-3.26,,,86964,,7,0.23,86.964
2025-08-05T22:56:26.564Z,RAPIRA,USDT/RUB,80.95623328383952,80.99,,0.04170984097306296,,,
2025-08-05T22:56:27.426Z,GRINEX,USDT/RUB,80.780105494,80.98,,0.24745511877903417,,,
2025-08-05T22:56:28.362Z,GRINEX,USDT/A7A5,80.75,80.967659852,,0.26954780433436165,,,
2025-08-05T22:56:29.066Z,MOEX,USDRUBF,,,80.13,,7649,0.18,0.08012999999999999
2025-08-05T22:56:29.258Z,MOEX,Si-9.25,,,81128,,22767,0.14,81.128
2025-08-05T22:56:29.458Z,MOEX,Si-12.25,,,83962,,1087,0.18,83.962
2025-08-05T22:56:29.660Z,MOEX,Si-3.26,,,86964,,7,0.23,86.964
2025-08-05T22:56:56.525Z,RAPIRA,USDT/RUB,80.95623328383952,80.99,,0.04170984097306296,,,
2025-08-05T22:56:57.482Z,GRINEX,USDT/RUB,80.780105494,80.98,,0.24745511877903417,,,
2025-08-05T22:56:58.701Z,GRINEX,USDT/A7A5,80.75,80.967659852,,0.26954780433436165,,,
2025-08-05T22:56:59.241Z,MOEX,USDRUBF,,,80.13,,7649,0.18,0.08012999999999999
2025-08-05T22:56:59.432Z,MOEX,Si-9.25,,,81128,,22767,0.14,81.128
2025-08-05T22:56:59.624Z,MOEX,Si-12.25,,,83962,,1087,0.18,83.962
2025-08-05T22:56:59.816Z,MOEX,Si-3.26,,,86964,,7,0.23,86.964
2025-08-05T22:57:26.518Z,RAPIRA,USDT/RUB,80.95762239366198,80.99,,0.039993277199493624,,,
2025-08-05T22:57:27.507Z,GRINEX,USDT/RUB,80.780105494,80.98,,0.24745511877903417,,,
2025-08-05T22:57:28.422Z,GRINEX,USDT/A7A5,80.75,80.967659852,,0.26954780433436165,,,
2025-08-05T22:57:28.978Z,MOEX,USDRUBF,,,80.13,,7649,0.18,0.08012999999999999
2025-08-05T22:57:29.172Z,MOEX,Si-9.25,,,81128,,22767,0.14,81.128
2025-08-05T22:57:29.373Z,MOEX,Si-12.25,,,83962,,1087,0.18,83.962
2025-08-05T22:57:29.565Z,MOEX,Si-3.26,,,86964,,7,0.23,86.964
2025-08-05T22:57:56.552Z,RAPIRA,USDT/RUB,80.95753347366198,80.99,,0.04010315648830259,,,
2025-08-05T22:57:57.555Z,GRINEX,USDT/RUB,80.780105494,80.98,,0.24745511877903417,,,
2025-08-05T22:57:58.577Z,GRINEX,USDT/A7A5,80.75,80.967659852,,0.26954780433436165,,,
2025-08-05T22:57:59.112Z,MOEX,USDRUBF,,,80.13,,7649,0.18,0.08012999999999999
2025-08-05T22:57:59.305Z,MOEX,Si-9.25,,,81128,,22767,0.14,81.128
2025-08-05T22:57:59.500Z,MOEX,Si-12.25,,,83962,,1087,0.18,83.962
2025-08-05T22:57:59.693Z,MOEX,Si-3.26,,,86964,,7,0.23,86.964
2025-08-05T22:58:26.542Z,RAPIRA,USDT/RUB,80.95753347366198,80.99,,0.04010315648830259,,,
2025-08-05T22:58:27.490Z,GRINEX,USDT/RUB,80.780105494,80.98,,0.24745511877903417,,,
2025-08-05T22:58:28.493Z,GRINEX,USDT/A7A5,80.75,80.967659852,,0.26954780433436165,,,
2025-08-05T22:58:29.033Z,MOEX,USDRUBF,,,80.13,,7649,0.18,0.08012999999999999
2025-08-05T22:58:29.224Z,MOEX,Si-9.25,,,81128,,22767,0.14,81.128
2025-08-05T22:58:29.414Z,MOEX,Si-12.25,,,83962,,1087,0.18,83.962
2025-08-05T22:58:29.601Z,MOEX,Si-3.26,,,86964,,7,0.23,86.964
2025-08-05T22:58:56.586Z,RAPIRA,USDT/RUB,80.95753347366198,80.99,,0.04010315648830259,,,
2025-08-05T22:58:57.541Z,GRINEX,USDT/RUB,80.780105494,80.98,,0.24745511877903417,,,
2025-08-05T22:58:58.391Z,GRINEX,USDT/A7A5,80.75,80.967659852,,0.26954780433436165,,,
2025-08-05T22:58:58.934Z,MOEX,USDRUBF,,,80.13,,7649,0.18,0.08012999999999999
2025-08-05T22:58:59.137Z,MOEX,Si-9.25,,,81128,,22767,0.14,81.128
2025-08-05T22:58:59.330Z,MOEX,Si-12.25,,,83962,,1087,0.18,83.962
2025-08-05T22:58:59.524Z,MOEX,Si-3.26,,,86964,,7,0.23,86.964
2025-08-05T22:59:26.533Z,RAPIRA,USDT/RUB,80.95753347366198,80.989505,,0.039491724816953754,,,
2025-08-05T22:59:27.408Z,GRINEX,USDT/RUB,80.780105494,80.98,,0.24745511877903417,,,
2025-08-05T22:59:28.356Z,GRINEX,USDT/A7A5,80.75,80.967659852,,0.26954780433436165,,,
2025-08-05T22:59:28.890Z,MOEX,USDRUBF,,,80.13,,7649,0.18,0.08012999999999999
2025-08-05T22:59:29.081Z,MOEX,Si-9.25,,,81128,,22767,0.14,81.128
2025-08-05T22:59:29.274Z,MOEX,Si-12.25,,,83962,,1087,0.18,83.962
2025-08-05T22:59:29.465Z,MOEX,Si-3.26,,,86964,,7,0.23,86.964
2025-08-05T22:59:56.513Z,RAPIRA,USDT/RUB,80.95725587366199,80.989505,,0.03983475723081329,,,
2025-08-05T22:59:57.510Z,GRINEX,USDT/RUB,80.780105494,80.98,,0.24745511877903417,,,
2025-08-05T22:59:58.461Z,GRINEX,USDT/A7A5,80.75,80.967659852,,0.26954780433436165,,,
2025-08-05T22:59:59.011Z,MOEX,USDRUBF,,,80.13,,7649,0.18,0.08012999999999999
2025-08-05T22:59:59.202Z,MOEX,Si-9.25,,,81128,,22767,0.14,81.128
2025-08-05T22:59:59.397Z,MOEX,Si-12.25,,,83962,,1087,0.18,83.962
2025-08-05T22:59:59.592Z,MOEX,Si-3.26,,,86964,,7,0.23,86.964
2025-08-05T23:00:26.530Z,RAPIRA,USDT/RUB,80.95725587366199,80.989505,,0.03983475723081329,,,
2025-08-05T23:00:27.580Z,GRINEX,USDT/RUB,80.780105494,80.98,,0.24745511877903417,,,
2025-08-05T23:00:28.546Z,GRINEX,USDT/A7A5,80.75,80.967659852,,0.26954780433436165,,,
2025-08-05T23:00:29.076Z,MOEX,USDRUBF,,,80.13,,7649,0.18,0.08012999999999999
2025-08-05T23:00:29.268Z,MOEX,Si-9.25,,,81128,,22767,0.14,81.128
2025-08-05T23:00:29.458Z,MOEX,Si-12.25,,,83962,,1087,0.18,83.962
2025-08-05T23:00:29.650Z,MOEX,Si-3.26,,,86964,,7,0.23,86.964
2025-08-05T23:00:56.538Z,RAPIRA,USDT/RUB,80.95707058338606,80.989505,,0.040063723131546304,,,
2025-08-05T23:00:57.394Z,GRINEX,USDT/RUB,80.780105494,80.98,,0.24745511877903417,,,
2025-08-05T23:00:58.387Z,GRINEX,USDT/A7A5,80.75,80.967659852,,0.26954780433436165,,,
2025-08-05T23:00:58.925Z,MOEX,USDRUBF,,,80.13,,7649,0.18,0.08012999999999999
2025-08-05T23:00:59.118Z,MOEX,Si-9.25,,,81128,,22767,0.14,81.128
2025-08-05T23:00:59.315Z,MOEX,Si-12.25,,,83962,,1087,0.18,83.962
2025-08-05T23:00:59.507Z,MOEX,Si-3.26,,,86964,,7,0.23,86.964
2025-08-05T23:01:26.717Z,RAPIRA,USDT/RUB,80.95707058338606,80.989505,,0.040063723131546304,,,
2025-08-05T23:01:27.671Z,GRINEX,USDT/RUB,80.780105494,80.98,,0.24745511877903417,,,
2025-08-05T23:01:28.640Z,GRINEX,USDT/A7A5,80.75,80.967659852,,0.26954780433436165,,,
2025-08-05T23:01:29.184Z,MOEX,USDRUBF,,,80.13,,7649,0.18,0.08012999999999999
2025-08-05T23:01:29.381Z,MOEX,Si-9.25,,,81128,,22767,0.14,81.128
2025-08-05T23:01:29.575Z,MOEX,Si-12.25,,,83962,,1087,0.18,83.962
2025-08-05T23:01:29.765Z,MOEX,Si-3.26,,,86964,,7,0.23,86.964
2025-08-05T23:01:56.560Z,RAPIRA,USDT/RUB,80.95707058338606,80.989505,,0.040063723131546304,,,
2025-08-05T23:01:57.569Z,GRINEX,USDT/RUB,80.780105494,80.98,,0.24745511877903417,,,
2025-08-05T23:01:58.513Z,GRINEX,USDT/A7A5,80.75,80.967659852,,0.26954780433436165,,,
2025-08-05T23:01:59.060Z,MOEX,USDRUBF,,,80.13,,7649,0.18,0.08012999999999999
2025-08-05T23:01:59.256Z,MOEX,Si-9.25,,,81128,,22767,0.14,81.128
2025-08-05T23:01:59.453Z,MOEX,Si-12.25,,,83962,,1087,0.18,83.962
2025-08-05T23:01:59.646Z,MOEX,Si-3.26,,,86964,,7,0.23,86.964
2025-08-05T23:02:26.549Z,RAPIRA,USDT/RUB,80.95707058338606,80.989505,,0.040063723131546304,,,
2025-08-05T23:02:27.513Z,GRINEX,USDT/RUB,80.780105494,80.98,,0.24745511877903417,,,
2025-08-05T23:02:28.514Z,GRINEX,USDT/A7A5,80.75,80.967659852,,0.26954780433436165,,,
2025-08-05T23:02:29.240Z,MOEX,USDRUBF,,,80.13,,7649,0.18,0.08012999999999999
2025-08-05T23:02:29.436Z,MOEX,Si-9.25,,,81128,,22767,0.14,81.128
2025-08-05T23:02:29.629Z,MOEX,Si-12.25,,,83962,,1087,0.18,83.962
2025-08-05T23:02:29.820Z,MOEX,Si-3.26,,,86964,,7,0.23,86.964
2025-08-05T23:02:56.527Z,RAPIRA,USDT/RUB,80.95707058338606,80.989505,,0.040063723131546304,,,
2025-08-05T23:02:57.530Z,GRINEX,USDT/RUB,80.780105494,80.98,,0.24745511877903417,,,
2025-08-05T23:02:58.543Z,GRINEX,USDT/A7A5,80.75,80.967659852,,0.26954780433436165,,,
2025-08-05T23:02:59.087Z,MOEX,USDRUBF,,,80.13,,7649,0.18,0.08012999999999999
2025-08-05T23:02:59.278Z,MOEX,Si-9.25,,,81128,,22767,0.14,81.128
2025-08-05T23:02:59.473Z,MOEX,Si-12.25,,,83962,,1087,0.18,83.962
2025-08-05T23:02:59.665Z,MOEX,Si-3.26,,,86964,,7,0.23,86.964
2025-08-05T23:03:26.565Z,RAPIRA,USDT/RUB,80.95707058338606,80.98,,0.028322932695953755,,,
2025-08-05T23:03:27.499Z,GRINEX,USDT/RUB,80.780105494,80.98,,0.24745511877903417,,,
2025-08-05T23:03:28.380Z,GRINEX,USDT/A7A5,80.75,80.967659852,,0.26954780433436165,,,
2025-08-05T23:03:28.923Z,MOEX,USDRUBF,,,80.13,,7649,0.18,0.08012999999999999
2025-08-05T23:03:29.115Z,MOEX,Si-9.25,,,81128,,22767,0.14,81.128
2025-08-05T23:03:29.308Z,MOEX,Si-12.25,,,83962,,1087,0.18,83.962
2025-08-05T23:03:29.509Z,MOEX,Si-3.26,,,86964,,7,0.23,86.964
2025-08-05T23:03:56.546Z,RAPIRA,USDT/RUB,80.95707058338606,80.98,,0.028322932695953755,,,
2025-08-05T23:03:57.575Z,GRINEX,USDT/RUB,80.780105494,80.98,,0.24745511877903417,,,
2025-08-05T23:03:58.512Z,GRINEX,USDT/A7A5,80.75,80.967659852,,0.26954780433436165,,,
2025-08-05T23:03:59.219Z,MOEX,USDRUBF,,,80.13,,7649,0.18,0.08012999999999999
2025-08-05T23:03:59.421Z,MOEX,Si-9.25,,,81128,,22767,0.14,81.128
2025-08-05T23:03:59.807Z,MOEX,Si-12.25,,,83962,,1087,0.18,83.962
2025-08-05T23:04:00.183Z,MOEX,Si-3.26,,,86964,,7,0.23,86.964
2025-08-05T23:04:26.606Z,RAPIRA,USDT/RUB,80.95707058338606,80.98,,0.028322932695953755,,,
2025-08-05T23:04:27.586Z,GRINEX,USDT/RUB,80.780105494,80.98,,0.24745511877903417,,,
2025-08-05T23:04:28.537Z,GRINEX,USDT/A7A5,80.75,80.967659852,,0.26954780433436165,,,
2025-08-05T23:04:29.093Z,MOEX,USDRUBF,,,80.13,,7649,0.18,0.08012999999999999
2025-08-05T23:04:29.286Z,MOEX,Si-9.25,,,81128,,22767,0.14,81.128
2025-08-05T23:04:29.482Z,MOEX,Si-12.25,,,83962,,1087,0.18,83.962
2025-08-05T23:04:29.679Z,MOEX,Si-3.26,,,86964,,7,0.23,86.964
2025-08-05T23:04:56.563Z,RAPIRA,USDT/RUB,80.95707058338606,80.98,,0.028322932695953755,,,
2025-08-05T23:04:57.523Z,GRINEX,USDT/RUB,80.780105494,80.98,,0.24745511877903417,,,
2025-08-05T23:04:58.595Z,GRINEX,USDT/A7A5,80.75,80.967659852,,0.26954780433436165,,,
2025-08-05T23:04:59.139Z,MOEX,USDRUBF,,,80.13,,7649,0.18,0.08012999999999999
2025-08-05T23:04:59.333Z,MOEX,Si-9.25,,,81128,,22767,0.14,81.128
2025-08-05T23:04:59.527Z,MOEX,Si-12.25,,,83962,,1087,0.18,83.962
2025-08-05T23:04:59.719Z,MOEX,Si-3.26,,,86964,,7,0.23,86.964
2025-08-05T23:05:56.563Z,RAPIRA,USDT/RUB,80.95707058338606,80.98,,0.028322932695953755,,,
2025-08-05T23:05:57.179Z,GRINEX,USDT/RUB,80.780105494,80.98,,0.24745511877903417,,,
2025-08-05T23:05:57.552Z,GRINEX,USDT/A7A5,80.75,80.967659852,,0.26954780433436165,,,
2025-08-05T23:05:58.094Z,MOEX,USDRUBF,,,80.13,,7649,0.18,0.08012999999999999
2025-08-05T23:05:58.287Z,MOEX,Si-9.25,,,81128,,22767,0.14,81.128
2025-08-05T23:05:58.656Z,MOEX,Si-12.25,,,83962,,1087,0.18,83.962
2025-08-05T23:05:58.849Z,MOEX,Si-3.26,,,86964,,7,0.23,86.964
2025-08-05T23:05:26.565Z,RAPIRA,USDT/RUB,80.95707058338606,80.98,,0.028322932695953755,,,
2025-08-05T23:05:27.164Z,GRINEX,USDT/RUB,80.780105494,80.98,,0.24745511877903417,,,
2025-08-05T23:05:27.567Z,GRINEX,USDT/A7A5,80.75,80.967659852,,0.26954780433436165,,,
2025-08-05T23:06:03.118Z,MOEX,USDRUBF,,,80.13,,7649,0.18,0.08012999999999999
2025-08-05T23:06:03.313Z,MOEX,Si-9.25,,,81128,,22767,0.14,81.128
2025-08-05T23:06:03.506Z,MOEX,Si-12.25,,,83962,,1087,0.18,83.962
2025-08-05T23:06:03.736Z,MOEX,Si-3.26,,,86964,,7,0.23,86.964
2025-08-05T23:06:26.584Z,RAPIRA,USDT/RUB,80.95707058338606,80.98,,0.028322932695953755,,,
2025-08-05T23:06:27.166Z,GRINEX,USDT/RUB,80.780105494,80.98,,0.24745511877903417,,,
2025-08-05T23:06:27.522Z,GRINEX,USDT/A7A5,80.75,80.967659852,,0.26954780433436165,,,
2025-08-05T23:06:28.067Z,MOEX,USDRUBF,,,80.13,,7649,0.18,0.08012999999999999
2025-08-05T23:06:28.266Z,MOEX,Si-9.25,,,81128,,22767,0.14,81.128
2025-08-05T23:06:28.460Z,MOEX,Si-12.25,,,83962,,1087,0.18,83.962
2025-08-05T23:06:28.650Z,MOEX,Si-3.26,,,86964,,7,0.23,86.964
2025-08-05T23:06:56.617Z,RAPIRA,USDT/RUB,80.95707058338606,80.98,,0.028322932695953755,,,
2025-08-05T23:06:57.270Z,GRINEX,USDT/RUB,80.780105494,80.98,,0.24745511877903417,,,
2025-08-05T23:06:57.685Z,GRINEX,USDT/A7A5,80.75,80.967659852,,0.26954780433436165,,,
2025-08-05T23:06:58.240Z,MOEX,USDRUBF,,,80.13,,7649,0.18,0.08012999999999999
2025-08-05T23:06:58.439Z,MOEX,Si-9.25,,,81128,,22767,0.14,81.128
2025-08-05T23:06:58.632Z,MOEX,Si-12.25,,,83962,,1087,0.18,83.962
2025-08-05T23:06:58.823Z,MOEX,Si-3.26,,,86964,,7,0.23,86.964
2025-08-05T23:07:26.582Z,RAPIRA,USDT/RUB,80.95707058338606,80.98,,0.028322932695953755,,,
2025-08-05T23:07:27.184Z,GRINEX,USDT/RUB,80.780105494,80.98,,0.24745511877903417,,,
2025-08-05T23:07:27.591Z,GRINEX,USDT/A7A5,80.75,80.967659852,,0.26954780433436165,,,
2025-08-05T23:07:28.144Z,MOEX,USDRUBF,,,80.13,,7649,0.18,0.08012999999999999
2025-08-05T23:07:28.342Z,MOEX,Si-9.25,,,81128,,22767,0.14,81.128
2025-08-05T23:07:28.705Z,MOEX,Si-12.25,,,83962,,1087,0.18,83.962
2025-08-05T23:07:28.899Z,MOEX,Si-3.26,,,86964,,7,0.23,86.964
2025-08-05T23:07:56.734Z,RAPIRA,USDT/RUB,80.95707058338606,80.98,,0.028322932695953755,,,
2025-08-05T23:07:57.271Z,GRINEX,USDT/RUB,80.780105494,80.98,,0.24745511877903417,,,
2025-08-05T23:07:57.686Z,GRINEX,USDT/A7A5,80.75,80.967659852,,0.26954780433436165,,,
2025-08-05T23:07:58.225Z,MOEX,USDRUBF,,,80.13,,7649,0.18,0.08012999999999999
2025-08-05T23:07:58.416Z,MOEX,Si-9.25,,,81128,,22767,0.14,81.128
2025-08-05T23:07:58.608Z,MOEX,Si-12.25,,,83962,,1087,0.18,83.962
2025-08-05T23:07:58.800Z,MOEX,Si-3.26,,,86964,,7,0.23,86.964
2025-08-05T23:08:26.586Z,RAPIRA,USDT/RUB,80.95707058338606,80.98,,0.028322932695953755,,,
2025-08-05T23:08:27.194Z,GRINEX,USDT/RUB,80.780105494,80.98,,0.24745511877903417,,,
2025-08-05T23:08:27.529Z,GRINEX,USDT/A7A5,80.75,80.967659852,,0.26954780433436165,,,
2025-08-05T23:08:28.247Z,MOEX,USDRUBF,,,80.13,,7649,0.18,0.08012999999999999
2025-08-05T23:08:28.440Z,MOEX,Si-9.25,,,81128,,22767,0.14,81.128
2025-08-05T23:08:28.629Z,MOEX,Si-12.25,,,83962,,1087,0.18,83.962
2025-08-05T23:08:28.821Z,MOEX,Si-3.26,,,86964,,7,0.23,86.964
2025-08-05T23:08:56.578Z,RAPIRA,USDT/RUB,80.95707058338606,80.98,,0.028322932695953755,,,
2025-08-05T23:08:57.207Z,GRINEX,USDT/RUB,80.780105494,80.98,,0.24745511877903417,,,
2025-08-05T23:08:57.609Z,GRINEX,USDT/A7A5,80.75,80.967659852,,0.26954780433436165,,,
2025-08-05T23:08:58.146Z,MOEX,USDRUBF,,,80.13,,7649,0.18,0.08012999999999999
2025-08-05T23:08:58.349Z,MOEX,Si-9.25,,,81128,,22767,0.14,81.128
2025-08-05T23:08:58.545Z,MOEX,Si-12.25,,,83962,,1087,0.18,83.962
2025-08-05T23:08:58.738Z,MOEX,Si-3.26,,,86964,,7,0.23,86.964
2025-08-05T23:09:26.593Z,RAPIRA,USDT/RUB,80.95674258338605,80.98,,0.028728202088915838,,,
2025-08-05T23:09:27.196Z,GRINEX,USDT/RUB,80.780105494,80.98,,0.24745511877903417,,,
2025-08-05T23:09:27.598Z,GRINEX,USDT/A7A5,80.75,80.967659852,,0.26954780433436165,,,
2025-08-05T23:09:28.140Z,MOEX,USDRUBF,,,80.13,,7649,0.18,0.08012999999999999
2025-08-05T23:09:28.335Z,MOEX,Si-9.25,,,81128,,22767,0.14,81.128
2025-08-05T23:09:28.524Z,MOEX,Si-12.25,,,83962,,1087,0.18,83.962
2025-08-05T23:09:28.714Z,MOEX,Si-3.26,,,86964,,7,0.23,86.964
2025-08-05T23:09:56.602Z,RAPIRA,USDT/RUB,80.95674258338605,80.98,,0.028728202088915838,,,
2025-08-05T23:09:57.210Z,GRINEX,USDT/RUB,80.780105494,80.98,,0.24745511877903417,,,
2025-08-05T23:09:57.623Z,GRINEX,USDT/A7A5,80.75,80.967659852,,0.26954780433436165,,,
2025-08-05T23:09:58.166Z,MOEX,USDRUBF,,,80.13,,7649,0.18,0.08012999999999999
2025-08-05T23:09:58.359Z,MOEX,Si-9.25,,,81128,,22767,0.14,81.128
2025-08-05T23:09:58.552Z,MOEX,Si-12.25,,,83962,,1087,0.18,83.962
2025-08-05T23:09:58.744Z,MOEX,Si-3.26,,,86964,,7,0.23,86.964
2025-08-05T23:10:26.584Z,RAPIRA,USDT/RUB,80.95674258338605,80.98,,0.028728202088915838,,,
2025-08-05T23:10:27.174Z,GRINEX,USDT/RUB,80.780105494,80.98,,0.24745511877903417,,,
2025-08-05T23:10:27.573Z,GRINEX,USDT/A7A5,80.75,80.967659852,,0.26954780433436165,,,
2025-08-05T23:10:28.127Z,MOEX,USDRUBF,,,80.13,,7649,0.18,0.08012999999999999
2025-08-05T23:10:28.322Z,MOEX,Si-9.25,,,81128,,22767,0.14,81.128
2025-08-05T23:10:28.513Z,MOEX,Si-12.25,,,83962,,1087,0.18,83.962
2025-08-05T23:10:28.704Z,MOEX,Si-3.26,,,86964,,7,0.23,86.964
2025-08-05T23:10:56.586Z,RAPIRA,USDT/RUB,80.95674258338605,80.98,,0.028728202088915838,,,
2025-08-05T23:10:57.193Z,GRINEX,USDT/RUB,80.780105494,80.98,,0.24745511877903417,,,
2025-08-05T23:10:57.604Z,GRINEX,USDT/A7A5,80.75,80.967659852,,0.26954780433436165,,,
2025-08-05T23:10:58.156Z,MOEX,USDRUBF,,,80.13,,7649,0.18,0.08012999999999999
2025-08-05T23:10:58.351Z,MOEX,Si-9.25,,,81128,,22767,0.14,81.128
2025-08-05T23:10:58.540Z,MOEX,Si-12.25,,,83962,,1087,0.18,83.962
2025-08-05T23:10:58.737Z,MOEX,Si-3.26,,,86964,,7,0.23,86.964
2025-08-05T23:11:26.565Z,RAPIRA,USDT/RUB,80.95674258338605,80.98,,0.028728202088915838,,,
2025-08-05T23:11:27.172Z,GRINEX,USDT/RUB,80.780105494,80.98,,0.24745511877903417,,,
2025-08-05T23:11:27.577Z,GRINEX,USDT/A7A5,80.75,80.967659852,,0.26954780433436165,,,
2025-08-05T23:11:28.130Z,MOEX,USDRUBF,,,80.13,,7649,0.18,0.08012999999999999
2025-08-05T23:11:28.331Z,MOEX,Si-9.25,,,81128,,22767,0.14,81.128
2025-08-05T23:11:28.532Z,MOEX,Si-12.25,,,83962,,1087,0.18,83.962
2025-08-05T23:11:28.737Z,MOEX,Si-3.26,,,86964,,7,0.23,86.964
2025-08-05T23:11:56.583Z,RAPIRA,USDT/RUB,80.95674258338605,80.98,,0.028728202088915838,,,
2025-08-05T23:11:57.223Z,GRINEX,USDT/RUB,80.780105494,80.98,,0.24745511877903417,,,
2025-08-05T23:11:57.647Z,GRINEX,USDT/A7A5,80.75,80.967659852,,0.26954780433436165,,,
2025-08-05T23:11:58.768Z,MOEX,USDRUBF,,,80.13,,7649,0.18,0.08012999999999999
2025-08-05T23:11:58.961Z,MOEX,Si-9.25,,,81128,,22767,0.14,81.128
2025-08-05T23:11:59.328Z,MOEX,Si-12.25,,,83962,,1087,0.18,83.962
2025-08-05T23:11:59.519Z,MOEX,Si-3.26,,,86964,,7,0.23,86.964
2025-08-05T23:12:26.603Z,RAPIRA,USDT/RUB,80.95674258338605,80.98,,0.028728202088915838,,,
2025-08-05T23:12:27.591Z,GRINEX,USDT/RUB,80.780105494,80.98,,0.24745511877903417,,,
2025-08-05T23:12:28.338Z,GRINEX,USDT/A7A5,80.75,80.967659852,,0.26954780433436165,,,
2025-08-05T23:12:28.872Z,MOEX,USDRUBF,,,80.13,,7649,0.18,0.08012999999999999
2025-08-05T23:12:29.061Z,MOEX,Si-9.25,,,81128,,22767,0.14,81.128
2025-08-05T23:12:29.255Z,MOEX,Si-12.25,,,83962,,1087,0.18,83.962
2025-08-05T23:12:29.449Z,MOEX,Si-3.26,,,86964,,7,0.23,86.964
2025-08-05T23:12:56.610Z,RAPIRA,USDT/RUB,80.95368530338605,80.98,,0.032505866181796815,,,
2025-08-05T23:12:57.683Z,GRINEX,USDT/RUB,80.780105494,80.98,,0.24745511877903417,,,
2025-08-05T23:12:58.431Z,GRINEX,USDT/A7A5,80.75,80.967659852,,0.26954780433436165,,,
2025-08-05T23:12:58.963Z,MOEX,USDRUBF,,,80.13,,7649,0.18,0.08012999999999999
2025-08-05T23:12:59.154Z,MOEX,Si-9.25,,,81128,,22767,0.14,81.128
2025-08-05T23:12:59.351Z,MOEX,Si-12.25,,,83962,,1087,0.18,83.962
2025-08-05T23:12:59.542Z,MOEX,Si-3.26,,,86964,,7,0.23,86.964
2025-08-05T23:13:26.611Z,RAPIRA,USDT/RUB,80.95368530338605,80.98,,0.032505866181796815,,,
2025-08-05T23:13:27.351Z,GRINEX,USDT/RUB,80.780105494,80.98,,0.24745511877903417,,,
2025-08-05T23:13:28.069Z,GRINEX,USDT/A7A5,80.75,80.967659852,,0.26954780433436165,,,
2025-08-05T23:13:28.611Z,MOEX,USDRUBF,,,80.13,,7649,0.18,0.08012999999999999
2025-08-05T23:13:28.804Z,MOEX,Si-9.25,,,81128,,22767,0.14,81.128
2025-08-05T23:13:28.996Z,MOEX,Si-12.25,,,83962,,1087,0.18,83.962
2025-08-05T23:13:29.361Z,MOEX,Si-3.26,,,86964,,7,0.23,86.964
2025-08-05T23:13:56.582Z,RAPIRA,USDT/RUB,80.95368530338605,80.98,,0.032505866181796815,,,
2025-08-05T23:13:57.537Z,GRINEX,USDT/RUB,80.780105494,80.98,,0.24745511877903417,,,
2025-08-05T23:13:58.406Z,GRINEX,USDT/A7A5,80.75,80.967659852,,0.26954780433436165,,,
2025-08-05T23:13:58.955Z,MOEX,USDRUBF,,,80.13,,7649,0.18,0.08012999999999999
2025-08-05T23:13:59.151Z,MOEX,Si-9.25,,,81128,,22767,0.14,81.128
2025-08-05T23:13:59.344Z,MOEX,Si-12.25,,,83962,,1087,0.18,83.962
2025-08-05T23:13:59.541Z,MOEX,Si-3.26,,,86964,,7,0.23,86.964
2025-08-05T23:14:26.769Z,RAPIRA,USDT/RUB,80.95624174148308,80.98,,0.029347037369629587,,,
2025-08-05T23:14:27.092Z,GRINEX,USDT/RUB,80.780105494,80.98,,0.24745511877903417,,,
2025-08-05T23:14:27.813Z,GRINEX,USDT/A7A5,80.75,80.967659852,,0.26954780433436165,,,
2025-08-05T23:14:28.348Z,MOEX,USDRUBF,,,80.13,,7649,0.18,0.08012999999999999
2025-08-05T23:14:28.543Z,MOEX,Si-9.25,,,81128,,22767,0.14,81.128
2025-08-05T23:14:28.737Z,MOEX,Si-12.25,,,83962,,1087,0.18,83.962
2025-08-05T23:14:28.927Z,MOEX,Si-3.26,,,86964,,7,0.23,86.964
2025-08-05T23:14:56.590Z,RAPIRA,USDT/RUB,80.95624174148308,80.98,,0.029347037369629587,,,
2025-08-05T23:14:57.317Z,GRINEX,USDT/RUB,80.780105494,80.98,,0.24745511877903417,,,
2025-08-05T23:14:57.611Z,GRINEX,USDT/A7A5,80.75,80.967659852,,0.26954780433436165,,,
2025-08-05T23:14:58.171Z,MOEX,USDRUBF,,,80.13,,7649,0.18,0.08012999999999999
2025-08-05T23:14:58.375Z,MOEX,Si-9.25,,,81128,,22767,0.14,81.128
2025-08-05T23:14:58.568Z,MOEX,Si-12.25,,,83962,,1087,0.18,83.962
2025-08-05T23:14:58.764Z,MOEX,Si-3.26,,,86964,,7,0.23,86.964
2025-08-05T23:15:26.608Z,RAPIRA,USDT/RUB,80.95624174148308,80.98,,0.029347037369629587,,,
2025-08-05T23:15:27.350Z,GRINEX,USDT/RUB,80.780105494,81.01,,0.2845929757012802,,,
2025-08-05T23:15:28.058Z,GRINEX,USDT/A7A5,80.75,80.967659852,,0.26954780433436165,,,
2025-08-05T23:15:28.924Z,MOEX,USDRUBF,,,80.13,,7649,0.18,0.08012999999999999
2025-08-05T23:15:29.112Z,MOEX,Si-9.25,,,81128,,22767,0.14,81.128
2025-08-05T23:15:29.305Z,MOEX,Si-12.25,,,83962,,1087,0.18,83.962
2025-08-05T23:15:29.499Z,MOEX,Si-3.26,,,86964,,7,0.23,86.964
2025-08-05T23:15:56.592Z,RAPIRA,USDT/RUB,80.95624174148308,80.98,,0.029347037369629587,,,
2025-08-05T23:15:57.308Z,GRINEX,USDT/RUB,80.780105494,81.01,,0.2845929757012802,,,
2025-08-05T23:15:58.150Z,GRINEX,USDT/A7A5,80.75,80.967659852,,0.26954780433436165,,,
2025-08-05T23:15:58.725Z,MOEX,USDRUBF,,,80.13,,7649,0.18,0.08012999999999999
2025-08-05T23:15:58.923Z,MOEX,Si-9.25,,,81128,,22767,0.14,81.128
2025-08-05T23:15:59.288Z,MOEX,Si-12.25,,,83962,,1087,0.18,83.962
2025-08-05T23:15:59.481Z,MOEX,Si-3.26,,,86964,,7,0.23,86.964
2025-08-05T23:16:26.615Z,RAPIRA,USDT/RUB,80.95624174148308,80.98,,0.029347037369629587,,,
2025-08-05T23:16:27.583Z,GRINEX,USDT/RUB,80.780105494,81.01,,0.2845929757012802,,,
2025-08-05T23:16:28.303Z,GRINEX,USDT/A7A5,80.75,80.967659852,,0.26954780433436165,,,
2025-08-05T23:16:28.838Z,MOEX,USDRUBF,,,80.13,,7649,0.18,0.08012999999999999
2025-08-05T23:16:29.028Z,MOEX,Si-9.25,,,81128,,22767,0.14,81.128
2025-08-05T23:16:29.231Z,MOEX,Si-12.25,,,83962,,1087,0.18,83.962
2025-08-05T23:16:29.421Z,MOEX,Si-3.26,,,86964,,7,0.23,86.964
2025-08-05T23:16:56.605Z,RAPIRA,USDT/RUB,80.95624174148308,80.98,,0.029347037369629587,,,
2025-08-05T23:16:57.344Z,GRINEX,USDT/RUB,80.780105494,81.01,,0.2845929757012802,,,
2025-08-05T23:16:58.267Z,GRINEX,USDT/A7A5,80.75,80.967659852,,0.26954780433436165,,,
2025-08-05T23:16:58.814Z,MOEX,USDRUBF,,,80.13,,7649,0.18,0.08012999999999999
2025-08-05T23:16:59.012Z,MOEX,Si-9.25,,,81128,,22767,0.14,81.128
2025-08-05T23:16:59.207Z,MOEX,Si-12.25,,,83962,,1087,0.18,83.962
2025-08-05T23:16:59.414Z,MOEX,Si-3.26,,,86964,,7,0.23,86.964
2025-08-05T23:17:26.586Z,RAPIRA,USDT/RUB,80.95624174148308,80.98,,0.029347037369629587,,,
2025-08-05T23:17:27.370Z,GRINEX,USDT/RUB,80.780105494,81.01,,0.2845929757012802,,,
2025-08-05T23:17:27.614Z,GRINEX,USDT/A7A5,80.75,80.967659852,,0.26954780433436165,,,
2025-08-05T23:17:28.156Z,MOEX,USDRUBF,,,80.13,,7649,0.18,0.08012999999999999
2025-08-05T23:17:28.349Z,MOEX,Si-9.25,,,81128,,22767,0.14,81.128
2025-08-05T23:17:28.542Z,MOEX,Si-12.25,,,83962,,1087,0.18,83.962
2025-08-05T23:17:28.734Z,MOEX,Si-3.26,,,86964,,7,0.23,86.964
2025-08-05T23:17:56.574Z,RAPIRA,USDT/RUB,80.95624174148308,80.98,,0.029347037369629587,,,
2025-08-05T23:17:57.302Z,GRINEX,USDT/RUB,80.780105494,81.01,,0.2845929757012802,,,
2025-08-05T23:17:57.560Z,GRINEX,USDT/A7A5,80.75,80.967659852,,0.26954780433436165,,,
2025-08-05T23:17:58.108Z,MOEX,USDRUBF,,,80.13,,7649,0.18,0.08012999999999999
2025-08-05T23:17:58.300Z,MOEX,Si-9.25,,,81128,,22767,0.14,81.128
2025-08-05T23:17:58.492Z,MOEX,Si-12.25,,,83962,,1087,0.18,83.962
2025-08-05T23:17:58.684Z,MOEX,Si-3.26,,,86964,,7,0.23,86.964
2025-08-05T23:18:26.631Z,RAPIRA,USDT/RUB,80.95624174148308,80.98,,0.029347037369629587,,,
2025-08-05T23:18:26.964Z,GRINEX,USDT/RUB,80.780105494,81.01,,0.2845929757012802,,,
2025-08-05T23:18:27.249Z,GRINEX,USDT/A7A5,80.75,80.967659852,,0.26954780433436165,,,
2025-08-05T23:18:27.782Z,MOEX,USDRUBF,,,80.13,,7649,0.18,0.08012999999999999
2025-08-05T23:18:27.970Z,MOEX,Si-9.25,,,81128,,22767,0.14,81.128
2025-08-05T23:18:28.162Z,MOEX,Si-12.25,,,83962,,1087,0.18,83.962
2025-08-05T23:18:28.518Z,MOEX,Si-3.26,,,86964,,7,0.23,86.964
2025-08-05T23:18:56.636Z,RAPIRA,USDT/RUB,80.95624174148308,80.98,,0.029347037369629587,,,
2025-08-05T23:18:57.376Z,GRINEX,USDT/RUB,80.780105494,81.01,,0.2845929757012802,,,
2025-08-05T23:18:58.085Z,GRINEX,USDT/A7A5,80.75,80.967659852,,0.26954780433436165,,,
2025-08-05T23:18:58.619Z,MOEX,USDRUBF,,,80.13,,7649,0.18,0.08012999999999999
2025-08-05T23:18:58.809Z,MOEX,Si-9.25,,,81128,,22767,0.14,81.128
2025-08-05T23:18:59.000Z,MOEX,Si-12.25,,,83962,,1087,0.18,83.962
2025-08-05T23:18:59.357Z,MOEX,Si-3.26,,,86964,,7,0.23,86.964
2025-08-05T23:19:26.598Z,RAPIRA,USDT/RUB,80.95624174148308,80.98,,0.029347037369629587,,,
2025-08-05T23:19:27.535Z,GRINEX,USDT/RUB,80.780105494,81.01,,0.2845929757012802,,,
2025-08-05T23:19:28.404Z,GRINEX,USDT/A7A5,80.75,80.967659852,,0.26954780433436165,,,
2025-08-05T23:19:28.946Z,MOEX,USDRUBF,,,80.13,,7649,0.18,0.08012999999999999
2025-08-05T23:19:29.139Z,MOEX,Si-9.25,,,81128,,22767,0.14,81.128
2025-08-05T23:19:29.334Z,MOEX,Si-12.25,,,83962,,1087,0.18,83.962
2025-08-05T23:19:29.712Z,MOEX,Si-3.26,,,86964,,7,0.23,86.964
2025-08-05T23:19:56.664Z,RAPIRA,USDT/RUB,80.95600180548308,80.98,,0.029643502620821324,,,
2025-08-05T23:19:57.562Z,GRINEX,USDT/RUB,80.78,81.01,,0.2847239415697004,,,
2025-08-05T23:19:58.294Z,GRINEX,USDT/A7A5,80.75,80.967659852,,0.26954780433436165,,,
2025-08-05T23:19:58.852Z,MOEX,USDRUBF,,,80.13,,7649,0.18,0.08012999999999999
2025-08-05T23:19:59.049Z,MOEX,Si-9.25,,,81128,,22767,0.14,81.128
2025-08-05T23:19:59.245Z,MOEX,Si-12.25,,,83962,,1087,0.18,83.962
2025-08-05T23:19:59.435Z,MOEX,Si-3.26,,,86964,,7,0.23,86.964
2025-08-05T23:20:26.609Z,RAPIRA,USDT/RUB,80.95600180548308,80.98,,0.029643502620821324,,,
2025-08-05T23:20:27.245Z,GRINEX,USDT/RUB,80.78,81.01,,0.2847239415697004,,,
2025-08-05T23:20:28.085Z,GRINEX,USDT/A7A5,80.75,80.967659852,,0.26954780433436165,,,
2025-08-05T23:20:28.628Z,MOEX,USDRUBF,,,80.13,,7649,0.18,0.08012999999999999
2025-08-05T23:20:28.823Z,MOEX,Si-9.25,,,81128,,22767,0.14,81.128
2025-08-05T23:20:29.018Z,MOEX,Si-12.25,,,83962,,1087,0.18,83.962
2025-08-05T23:20:29.215Z,MOEX,Si-3.26,,,86964,,7,0.23,86.964
2025-08-05T23:20:56.904Z,RAPIRA,USDT/RUB,80.95600180548308,80.98,,0.029643502620821324,,,
2025-08-05T23:20:57.631Z,GRINEX,USDT/RUB,80.78,81.01,,0.2847239415697004,,,
2025-08-05T23:20:58.502Z,GRINEX,USDT/A7A5,80.75,80.967659852,,0.26954780433436165,,,
2025-08-05T23:20:59.054Z,MOEX,USDRUBF,,,80.13,,7649,0.18,0.08012999999999999
2025-08-05T23:20:59.244Z,MOEX,Si-9.25,,,81128,,22767,0.14,81.128
2025-08-05T23:20:59.440Z,MOEX,Si-12.25,,,83962,,1087,0.18,83.962
2025-08-05T23:20:59.631Z,MOEX,Si-3.26,,,86964,,7,0.23,86.964
2025-08-05T23:21:26.609Z,RAPIRA,USDT/RUB,80.95600180548308,80.98,,0.029643502620821324,,,
2025-08-05T23:21:27.167Z,GRINEX,USDT/RUB,80.78,81.01,,0.2847239415697004,,,
2025-08-05T23:21:27.966Z,GRINEX,USDT/A7A5,80.75,80.967659852,,0.26954780433436165,,,
2025-08-05T23:21:28.518Z,MOEX,USDRUBF,,,80.13,,7649,0.18,0.08012999999999999
2025-08-05T23:21:28.708Z,MOEX,Si-9.25,,,81128,,22767,0.14,81.128
2025-08-05T23:21:28.898Z,MOEX,Si-12.25,,,83962,,1087,0.18,83.962
2025-08-05T23:21:29.094Z,MOEX,Si-3.26,,,86964,,7,0.23,86.964
2025-08-05T23:21:56.612Z,RAPIRA,USDT/RUB,80.95600180548308,80.98,,0.029643502620821324,,,
2025-08-05T23:21:56.985Z,GRINEX,USDT/RUB,80.78,81.01,,0.2847239415697004,,,
2025-08-05T23:21:57.727Z,GRINEX,USDT/A7A5,80.75,80.967659852,,0.26954780433436165,,,
2025-08-05T23:21:58.268Z,MOEX,USDRUBF,,,80.13,,7649,0.18,0.08012999999999999
2025-08-05T23:21:58.461Z,MOEX,Si-9.25,,,81128,,22767,0.14,81.128
2025-08-05T23:21:58.667Z,MOEX,Si-12.25,,,83962,,1087,0.18,83.962
2025-08-05T23:21:58.859Z,MOEX,Si-3.26,,,86964,,7,0.23,86.964
2025-08-05T23:22:26.613Z,RAPIRA,USDT/RUB,80.95600180548308,80.98,,0.029643502620821324,,,
2025-08-05T23:22:27.329Z,GRINEX,USDT/RUB,80.78,81.01,,0.2847239415697004,,,
2025-08-05T23:22:28.049Z,GRINEX,USDT/A7A5,80.75,80.967659852,,0.26954780433436165,,,
2025-08-05T23:22:28.594Z,MOEX,USDRUBF,,,80.13,,7649,0.18,0.08012999999999999
2025-08-05T23:22:28.788Z,MOEX,Si-9.25,,,81128,,22767,0.14,81.128
2025-08-05T23:22:28.981Z,MOEX,Si-12.25,,,83962,,1087,0.18,83.962
2025-08-05T23:22:29.173Z,MOEX,Si-3.26,,,86964,,7,0.23,86.964
2025-08-05T23:22:56.640Z,RAPIRA,USDT/RUB,80.95600180548308,80.98,,0.029643502620821324,,,
2025-08-05T23:22:57.399Z,GRINEX,USDT/RUB,80.78,81.01,,0.2847239415697004,,,
2025-08-05T23:22:58.288Z,GRINEX,USDT/A7A5,80.75,80.967659852,,0.26954780433436165,,,
2025-08-05T23:22:58.827Z,MOEX,USDRUBF,,,80.13,,7649,0.18,0.08012999999999999
2025-08-05T23:22:59.019Z,MOEX,Si-9.25,,,81128,,22767,0.14,81.128
2025-08-05T23:22:59.208Z,MOEX,Si-12.25,,,83962,,1087,0.18,83.962
2025-08-05T23:22:59.396Z,MOEX,Si-3.26,,,86964,,7,0.23,86.964
2025-08-05T23:23:26.623Z,RAPIRA,USDT/RUB,80.95600180548308,80.98,,0.029643502620821324,,,
2025-08-05T23:23:27.383Z,GRINEX,USDT/RUB,80.78,81.01,,0.2847239415697004,,,
2025-08-05T23:23:28.136Z,GRINEX,USDT/A7A5,80.75,80.910173556,,0.19835734489164544,,,
2025-08-05T23:23:28.723Z,MOEX,USDRUBF,,,80.13,,7649,0.18,0.08012999999999999
2025-08-05T23:23:28.918Z,MOEX,Si-9.25,,,81128,,22767,0.14,81.128
2025-08-05T23:23:29.206Z,MOEX,Si-12.25,,,83962,,1087,0.18,83.962
2025-08-05T23:23:29.989Z,MOEX,Si-3.26,,,86964,,7,0.23,86.964
2025-08-05T23:23:56.614Z,RAPIRA,USDT/RUB,80.95600180548308,80.98,,0.029643502620821324,,,
2025-08-05T23:23:57.657Z,GRINEX,USDT/RUB,80.78,81.01,,0.2847239415697004,,,
2025-08-05T23:23:58.373Z,GRINEX,USDT/A7A5,80.75,80.967659852,,0.26954780433436165,,,
2025-08-05T23:23:58.910Z,MOEX,USDRUBF,,,80.13,,7649,0.18,0.08012999999999999
2025-08-05T23:23:59.110Z,MOEX,Si-9.25,,,81128,,22767,0.14,81.128
2025-08-05T23:23:59.303Z,MOEX,Si-12.25,,,83962,,1087,0.18,83.962
2025-08-05T23:23:59.500Z,MOEX,Si-3.26,,,86964,,7,0.23,86.964
2025-08-05T23:24:26.622Z,RAPIRA,USDT/RUB,80.95600180548308,80.98,,0.029643502620821324,,,
2025-08-05T23:24:26.966Z,GRINEX,USDT/RUB,80.78,81.01,,0.2847239415697004,,,
2025-08-05T23:24:27.689Z,GRINEX,USDT/A7A5,80.75,80.967659852,,0.26954780433436165,,,
2025-08-05T23:24:28.419Z,MOEX,USDRUBF,,,80.13,,7649,0.18,0.08012999999999999
2025-08-05T23:24:28.617Z,MOEX,Si-9.25,,,81128,,22767,0.14,81.128
2025-08-05T23:24:28.814Z,MOEX,Si-12.25,,,83962,,1087,0.18,83.962
2025-08-05T23:24:29.016Z,MOEX,Si-3.26,,,86964,,7,0.23,86.964
2025-08-05T23:24:56.680Z,RAPIRA,USDT/RUB,80.95600180548308,80.98,,0.029643502620821324,,,
2025-08-05T23:24:57.445Z,GRINEX,USDT/RUB,80.78,81.01,,0.2847239415697004,,,
2025-08-05T23:24:57.702Z,GRINEX,USDT/A7A5,80.75,80.967659852,,0.26954780433436165,,,
2025-08-05T23:24:58.514Z,MOEX,USDRUBF,,,80.13,,7649,0.18,0.08012999999999999
2025-08-05T23:24:58.727Z,MOEX,Si-9.25,,,81128,,22767,0.14,81.128
2025-08-05T23:24:58.943Z,MOEX,Si-12.25,,,83962,,1087,0.18,83.962
2025-08-05T23:24:59.154Z,MOEX,Si-3.26,,,86964,,7,0.23,86.964
2025-08-05T23:25:26.668Z,RAPIRA,USDT/RUB,80.95600180548308,80.98,,0.029643502620821324,,,
2025-08-05T23:25:27.583Z,GRINEX,USDT/RUB,80.78,81.01,,0.2847239415697004,,,
2025-08-05T23:25:28.449Z,GRINEX,USDT/A7A5,80.75,80.967659852,,0.26954780433436165,,,
2025-08-05T23:25:28.986Z,MOEX,USDRUBF,,,80.13,,7649,0.18,0.08012999999999999
2025-08-05T23:25:29.184Z,MOEX,Si-9.25,,,81128,,22767,0.14,81.128
2025-08-05T23:25:29.564Z,MOEX,Si-12.25,,,83962,,1087,0.18,83.962
2025-08-05T23:25:29.769Z,MOEX,Si-3.26,,,86964,,7,0.23,86.964
2025-08-05T23:25:56.672Z,RAPIRA,USDT/RUB,80.95600180548308,80.98,,0.029643502620821324,,,
2025-08-05T23:25:57.402Z,GRINEX,USDT/RUB,80.78,81.01,,0.2847239415697004,,,
2025-08-05T23:25:58.203Z,GRINEX,USDT/A7A5,80.75,80.967659852,,0.26954780433436165,,,
2025-08-05T23:25:58.771Z,MOEX,USDRUBF,,,80.13,,7649,0.18,0.08012999999999999
2025-08-05T23:25:58.965Z,MOEX,Si-9.25,,,81128,,22767,0.14,81.128
2025-08-05T23:25:59.170Z,MOEX,Si-12.25,,,83962,,1087,0.18,83.962
2025-08-05T23:25:59.371Z,MOEX,Si-3.26,,,86964,,7,0.23,86.964
2025-08-05T23:26:26.701Z,RAPIRA,USDT/RUB,80.95600180548308,80.98,,0.029643502620821324,,,
2025-08-05T23:26:27.464Z,GRINEX,USDT/RUB,80.78,81.01,,0.2847239415697004,,,
2025-08-05T23:26:28.189Z,GRINEX,USDT/A7A5,80.75,80.967659852,,0.26954780433436165,,,
2025-08-05T23:26:28.824Z,MOEX,USDRUBF,,,80.13,,7649,0.18,0.08012999999999999
2025-08-05T23:26:29.041Z,MOEX,Si-9.25,,,81128,,22767,0.14,81.128
2025-08-05T23:26:29.247Z,MOEX,Si-12.25,,,83962,,1087,0.18,83.962
2025-08-05T23:26:29.441Z,MOEX,Si-3.26,,,86964,,7,0.23,86.964
2025-08-05T23:26:56.825Z,RAPIRA,USDT/RUB,80.95600180548308,80.98,,0.029643502620821324,,,
2025-08-05T23:26:57.557Z,GRINEX,USDT/RUB,80.78,81.01,,0.2847239415697004,,,
2025-08-05T23:26:58.423Z,GRINEX,USDT/A7A5,80.75,80.967659852,,0.26954780433436165,,,
2025-08-05T23:26:59.002Z,MOEX,USDRUBF,,,80.13,,7649,0.18,0.08012999999999999
2025-08-05T23:26:59.211Z,MOEX,Si-9.25,,,81128,,22767,0.14,81.128
2025-08-05T23:26:59.418Z,MOEX,Si-12.25,,,83962,,1087,0.18,83.962
2025-08-05T23:26:59.623Z,MOEX,Si-3.26,,,86964,,7,0.23,86.964
2025-08-05T23:27:26.825Z,RAPIRA,USDT/RUB,80.95600180548308,80.98,,0.029643502620821324,,,
2025-08-05T23:27:27.524Z,GRINEX,USDT/RUB,80.78,81.01,,0.2847239415697004,,,
2025-08-05T23:27:28.293Z,GRINEX,USDT/A7A5,80.75,80.967659852,,0.26954780433436165,,,
2025-08-05T23:27:28.870Z,MOEX,USDRUBF,,,80.13,,7649,0.18,0.08012999999999999
2025-08-05T23:27:29.077Z,MOEX,Si-9.25,,,81128,,22767,0.14,81.128
2025-08-05T23:27:29.290Z,MOEX,Si-12.25,,,83962,,1087,0.18,83.962
2025-08-05T23:27:29.502Z,MOEX,Si-3.26,,,86964,,7,0.23,86.964
2025-08-05T23:27:56.618Z,RAPIRA,USDT/RUB,80.95600180548308,80.98,,0.029643502620821324,,,
2025-08-05T23:27:57.259Z,GRINEX,USDT/RUB,80.78,81.01,,0.2847239415697004,,,
2025-08-05T23:27:58.128Z,GRINEX,USDT/A7A5,80.75,80.967659852,,0.26954780433436165,,,
2025-08-05T23:27:58.666Z,MOEX,USDRUBF,,,80.13,,7649,0.18,0.08012999999999999
2025-08-05T23:27:58.858Z,MOEX,Si-9.25,,,81128,,22767,0.14,81.128
2025-08-05T23:27:59.053Z,MOEX,Si-12.25,,,83962,,1087,0.18,83.962
2025-08-05T23:27:59.244Z,MOEX,Si-3.26,,,86964,,7,0.23,86.964
2025-08-05T23:28:26.658Z,RAPIRA,USDT/RUB,80.95600180548308,80.98,,0.029643502620821324,,,
2025-08-05T23:28:27.453Z,GRINEX,USDT/RUB,80.78,81.01,,0.2847239415697004,,,
2025-08-05T23:28:28.184Z,GRINEX,USDT/A7A5,80.75,80.967659852,,0.26954780433436165,,,
2025-08-05T23:28:31.055Z,MOEX,USDRUBF,,,80.13,,7649,0.18,0.08012999999999999
2025-08-05T23:28:31.254Z,MOEX,Si-9.25,,,81128,,22767,0.14,81.128
2025-08-05T23:28:31.450Z,MOEX,Si-12.25,,,83962,,1087,0.18,83.962
2025-08-05T23:28:31.823Z,MOEX,Si-3.26,,,86964,,7,0.23,86.964
2025-08-05T23:28:56.670Z,RAPIRA,USDT/RUB,80.95600180548308,80.98,,0.029643502620821324,,,
2025-08-05T23:28:57.680Z,GRINEX,USDT/RUB,80.78,81.01,,0.2847239415697004,,,
2025-08-05T23:28:58.387Z,GRINEX,USDT/A7A5,80.75,80.967659852,,0.26954780433436165,,,
2025-08-05T23:28:58.955Z,MOEX,USDRUBF,,,80.13,,7649,0.18,0.08012999999999999
2025-08-05T23:28:59.151Z,MOEX,Si-9.25,,,81128,,22767,0.14,81.128
2025-08-05T23:28:59.347Z,MOEX,Si-12.25,,,83962,,1087,0.18,83.962
2025-08-05T23:28:59.555Z,MOEX,Si-3.26,,,86964,,7,0.23,86.964
2025-08-05T23:29:26.643Z,RAPIRA,USDT/RUB,80.95600180548308,80.98,,0.029643502620821324,,,
2025-08-05T23:29:27.530Z,GRINEX,USDT/RUB,80.78,81.01,,0.2847239415697004,,,
2025-08-05T23:29:28.261Z,GRINEX,USDT/A7A5,80.75,80.967659852,,0.26954780433436165,,,
2025-08-05T23:29:28.824Z,MOEX,USDRUBF,,,80.13,,7649,0.18,0.08012999999999999
2025-08-05T23:29:29.026Z,MOEX,Si-9.25,,,81128,,22767,0.14,81.128
2025-08-05T23:29:29.243Z,MOEX,Si-12.25,,,83962,,1087,0.18,83.962
2025-08-05T23:29:29.438Z,MOEX,Si-3.26,,,86964,,7,0.23,86.964
2025-08-05T23:29:56.696Z,RAPIRA,USDT/RUB,80.95600180548308,80.98,,0.029643502620821324,,,
2025-08-05T23:29:57.596Z,GRINEX,USDT/RUB,80.78,81.01,,0.2847239415697004,,,
2025-08-05T23:29:58.330Z,GRINEX,USDT/A7A5,80.75,80.967659852,,0.26954780433436165,,,
2025-08-05T23:29:59.129Z,MOEX,USDRUBF,,,80.13,,7649,0.18,0.08012999999999999
2025-08-05T23:29:59.352Z,MOEX,Si-9.25,,,81128,,22767,0.14,81.128
2025-08-05T23:29:59.546Z,MOEX,Si-12.25,,,83962,,1087,0.18,83.962
2025-08-05T23:29:59.949Z,MOEX,Si-3.26,,,86964,,7,0.23,86.964
2025-08-05T23:30:26.668Z,RAPIRA,USDT/RUB,80.95600180548308,80.98,,0.029643502620821324,,,
2025-08-05T23:30:27.293Z,GRINEX,USDT/RUB,80.78,81.01,,0.2847239415697004,,,
2025-08-05T23:30:27.987Z,GRINEX,USDT/A7A5,80.75,80.967659852,,0.26954780433436165,,,
2025-08-05T23:30:28.612Z,MOEX,USDRUBF,,,80.13,,7649,0.18,0.08012999999999999
2025-08-05T23:30:28.803Z,MOEX,Si-9.25,,,81128,,22767,0.14,81.128
2025-08-05T23:30:29.002Z,MOEX,Si-12.25,,,83962,,1087,0.18,83.962
2025-08-05T23:30:29.207Z,MOEX,Si-3.26,,,86964,,7,0.23,86.964
2025-08-05T23:30:56.638Z,RAPIRA,USDT/RUB,80.95595240548307,80.98,,0.029704541546843283,,,
2025-08-05T23:30:57.253Z,GRINEX,USDT/RUB,80.78,81.01,,0.2847239415697004,,,
2025-08-05T23:30:57.974Z,GRINEX,USDT/A7A5,80.75,80.967659852,,0.26954780433436165,,,
2025-08-05T23:30:58.515Z,MOEX,USDRUBF,,,80.13,,7649,0.18,0.08012999999999999
2025-08-05T23:30:58.710Z,MOEX,Si-9.25,,,81128,,22767,0.14,81.128
2025-08-05T23:30:58.904Z,MOEX,Si-12.25,,,83962,,1087,0.18,83.962
2025-08-05T23:30:59.094Z,MOEX,Si-3.26,,,86964,,7,0.23,86.964
2025-08-05T23:31:26.797Z,RAPIRA,USDT/RUB,80.95595240548307,80.98,,0.029704541546843283,,,
2025-08-05T23:31:27.620Z,GRINEX,USDT/RUB,80.78,81.01,,0.2847239415697004,,,
2025-08-05T23:31:28.373Z,GRINEX,USDT/A7A5,80.75,80.967659852,,0.26954780433436165,,,
2025-08-05T23:31:28.914Z,MOEX,USDRUBF,,,80.13,,7649,0.18,0.08012999999999999
2025-08-05T23:31:29.112Z,MOEX,Si-9.25,,,81128,,22767,0.14,81.128
2025-08-05T23:31:29.305Z,MOEX,Si-12.25,,,83962,,1087,0.18,83.962
2025-08-05T23:31:29.498Z,MOEX,Si-3.26,,,86964,,7,0.23,86.964
2025-08-05T23:31:56.664Z,RAPIRA,USDT/RUB,80.95595240548307,80.98,,0.029704541546843283,,,
2025-08-05T23:31:57.319Z,GRINEX,USDT/RUB,80.78,81.01,,0.2847239415697004,,,
2025-08-05T23:31:58.042Z,GRINEX,USDT/A7A5,80.75,80.967659852,,0.26954780433436165,,,
2025-08-05T23:31:58.580Z,MOEX,USDRUBF,,,80.13,,7649,0.18,0.08012999999999999
2025-08-05T23:31:58.774Z,MOEX,Si-9.25,,,81128,,22767,0.14,81.128
2025-08-05T23:31:58.963Z,MOEX,Si-12.25,,,83962,,1087,0.18,83.962
2025-08-05T23:31:59.157Z,MOEX,Si-3.26,,,86964,,7,0.23,86.964
2025-08-05T23:32:26.624Z,RAPIRA,USDT/RUB,80.95595240548307,80.98,,0.029704541546843283,,,
2025-08-05T23:32:27.295Z,GRINEX,USDT/RUB,80.78,81.01,,0.2847239415697004,,,
2025-08-05T23:32:28.157Z,GRINEX,USDT/A7A5,80.75,80.967659852,,0.26954780433436165,,,
2025-08-05T23:32:28.685Z,MOEX,USDRUBF,,,80.13,,7649,0.18,0.08012999999999999
2025-08-05T23:32:28.877Z,MOEX,Si-9.25,,,81128,,22767,0.14,81.128
2025-08-05T23:32:29.070Z,MOEX,Si-12.25,,,83962,,1087,0.18,83.962
2025-08-05T23:32:29.265Z,MOEX,Si-3.26,,,86964,,7,0.23,86.964
2025-08-05T23:32:56.660Z,RAPIRA,USDT/RUB,80.95595240548307,80.98,,0.029704541546843283,,,
2025-08-05T23:32:57.616Z,GRINEX,USDT/RUB,80.78,81.01,,0.2847239415697004,,,
2025-08-05T23:32:58.340Z,GRINEX,USDT/A7A5,80.75,80.967659852,,0.26954780433436165,,,
2025-08-05T23:32:58.877Z,MOEX,USDRUBF,,,80.13,,7649,0.18,0.08012999999999999
2025-08-05T23:32:59.073Z,MOEX,Si-9.25,,,81128,,22767,0.14,81.128
2025-08-05T23:32:59.264Z,MOEX,Si-12.25,,,83962,,1087,0.18,83.962
2025-08-05T23:32:59.459Z,MOEX,Si-3.26,,,86964,,7,0.23,86.964
2025-08-05T23:33:26.646Z,RAPIRA,USDT/RUB,80.95595240548307,80.98,,0.029704541546843283,,,
2025-08-05T23:33:26.979Z,GRINEX,USDT/RUB,80.78,81.01,,0.2847239415697004,,,
2025-08-05T23:33:27.828Z,GRINEX,USDT/A7A5,80.75,80.967659852,,0.26954780433436165,,,
2025-08-05T23:33:28.368Z,MOEX,USDRUBF,,,80.13,,7649,0.18,0.08012999999999999
2025-08-05T23:33:28.559Z,MOEX,Si-9.25,,,81128,,22767,0.14,81.128
2025-08-05T23:33:28.918Z,MOEX,Si-12.25,,,83962,,1087,0.18,83.962
2025-08-05T23:33:29.111Z,MOEX,Si-3.26,,,86964,,7,0.23,86.964
2025-08-05T23:33:56.801Z,RAPIRA,USDT/RUB,80.95595240548307,80.98,,0.029704541546843283,,,
2025-08-05T23:33:57.135Z,GRINEX,USDT/RUB,80.78,81.01,,0.2847239415697004,,,
2025-08-05T23:33:57.858Z,GRINEX,USDT/A7A5,80.75,80.967659852,,0.26954780433436165,,,
2025-08-05T23:33:58.414Z,MOEX,USDRUBF,,,80.13,,7649,0.18,0.08012999999999999
2025-08-05T23:33:58.612Z,MOEX,Si-9.25,,,81128,,22767,0.14,81.128
2025-08-05T23:33:58.807Z,MOEX,Si-12.25,,,83962,,1087,0.18,83.962
2025-08-05T23:33:59.001Z,MOEX,Si-3.26,,,86964,,7,0.23,86.964
2025-08-05T23:34:26.631Z,RAPIRA,USDT/RUB,80.95595240548307,80.98,,0.029704541546843283,,,
2025-08-05T23:34:27.352Z,GRINEX,USDT/RUB,80.78,81.01,,0.2847239415697004,,,
2025-08-05T23:34:28.121Z,GRINEX,USDT/A7A5,80.75,80.967659852,,0.26954780433436165,,,
2025-08-05T23:34:28.659Z,MOEX,USDRUBF,,,80.13,,7649,0.18,0.08012999999999999
2025-08-05T23:34:28.850Z,MOEX,Si-9.25,,,81128,,22767,0.14,81.128
2025-08-05T23:34:29.042Z,MOEX,Si-12.25,,,83962,,1087,0.18,83.962
2025-08-05T23:34:29.238Z,MOEX,Si-3.26,,,86964,,7,0.23,86.964
2025-08-05T23:34:56.652Z,RAPIRA,USDT/RUB,80.95595240548307,80.98,,0.029704541546843283,,,
2025-08-05T23:34:57.541Z,GRINEX,USDT/RUB,80.78,81.01,,0.2847239415697004,,,
2025-08-05T23:34:58.274Z,GRINEX,USDT/A7A5,80.75,80.967659852,,0.26954780433436165,,,
2025-08-05T23:34:58.809Z,MOEX,USDRUBF,,,80.13,,7649,0.18,0.08012999999999999
2025-08-05T23:34:58.998Z,MOEX,Si-9.25,,,81128,,22767,0.14,81.128
2025-08-05T23:34:59.195Z,MOEX,Si-12.25,,,83962,,1087,0.18,83.962
2025-08-05T23:34:59.387Z,MOEX,Si-3.26,,,86964,,7,0.23,86.964
2025-08-05T23:35:26.627Z,RAPIRA,USDT/RUB,80.95595240548307,80.98,,0.029704541546843283,,,
2025-08-05T23:35:27.396Z,GRINEX,USDT/RUB,80.78,81.01,,0.2847239415697004,,,
2025-08-05T23:35:27.621Z,GRINEX,USDT/A7A5,80.75,80.967659852,,0.26954780433436165,,,
2025-08-05T23:35:28.155Z,MOEX,USDRUBF,,,80.13,,7649,0.18,0.08012999999999999
2025-08-05T23:35:28.350Z,MOEX,Si-9.25,,,81128,,22767,0.14,81.128
2025-08-05T23:35:28.725Z,MOEX,Si-12.25,,,83962,,1087,0.18,83.962
2025-08-05T23:35:28.915Z,MOEX,Si-3.26,,,86964,,7,0.23,86.964
2025-08-05T23:35:56.665Z,RAPIRA,USDT/RUB,80.95595240548307,80.98,,0.029704541546843283,,,
2025-08-05T23:35:57.548Z,GRINEX,USDT/RUB,80.78,81.01,,0.2847239415697004,,,
2025-08-05T23:35:58.262Z,GRINEX,USDT/A7A5,80.75,80.967659852,,0.26954780433436165,,,
2025-08-05T23:35:58.793Z,MOEX,USDRUBF,,,80.13,,7649,0.18,0.08012999999999999
2025-08-05T23:35:58.983Z,MOEX,Si-9.25,,,81128,,22767,0.14,81.128
2025-08-05T23:35:59.172Z,MOEX,Si-12.25,,,83962,,1087,0.18,83.962
2025-08-05T23:35:59.362Z,MOEX,Si-3.26,,,86964,,7,0.23,86.964
2025-08-05T23:36:26.652Z,RAPIRA,USDT/RUB,80.95595240548307,80.98,,0.029704541546843283,,,
2025-08-05T23:36:27.452Z,GRINEX,USDT/RUB,80.78,81.01,,0.2847239415697004,,,
2025-08-05T23:36:28.402Z,GRINEX,USDT/A7A5,80.75,80.967659852,,0.26954780433436165,,,
2025-08-05T23:36:28.935Z,MOEX,USDRUBF,,,80.13,,7649,0.18,0.08012999999999999
2025-08-05T23:36:29.130Z,MOEX,Si-9.25,,,81128,,22767,0.14,81.128
2025-08-05T23:36:29.659Z,MOEX,Si-12.25,,,83962,,1087,0.18,83.962
2025-08-05T23:36:29.846Z,MOEX,Si-3.26,,,86964,,7,0.23,86.964
2025-08-05T23:36:56.650Z,RAPIRA,USDT/RUB,80.95595240548307,80.98,,0.029704541546843283,,,
2025-08-05T23:36:57.287Z,GRINEX,USDT/RUB,80.78,81.01,,0.2847239415697004,,,
2025-08-05T23:36:57.992Z,GRINEX,USDT/A7A5,80.75,80.967659852,,0.26954780433436165,,,
2025-08-05T23:36:58.524Z,MOEX,USDRUBF,,,80.13,,7649,0.18,0.08012999999999999
2025-08-05T23:36:58.879Z,MOEX,Si-9.25,,,81128,,22767,0.14,81.128
2025-08-05T23:36:59.071Z,MOEX,Si-12.25,,,83962,,1087,0.18,83.962
2025-08-05T23:36:59.261Z,MOEX,Si-3.26,,,86964,,7,0.23,86.964
2025-08-05T23:37:26.652Z,RAPIRA,USDT/RUB,80.95595240548307,80.98,,0.029704541546843283,,,
2025-08-05T23:37:27.536Z,GRINEX,USDT/RUB,80.78,81.01,,0.2847239415697004,,,
2025-08-05T23:37:28.274Z,GRINEX,USDT/A7A5,80.75,80.967659852,,0.26954780433436165,,,
2025-08-05T23:37:28.811Z,MOEX,USDRUBF,,,80.13,,7649,0.18,0.08012999999999999
2025-08-05T23:37:29.006Z,MOEX,Si-9.25,,,81128,,22767,0.14,81.128
2025-08-05T23:37:29.201Z,MOEX,Si-12.25,,,83962,,1087,0.18,83.962
2025-08-05T23:37:29.391Z,MOEX,Si-3.26,,,86964,,7,0.23,86.964
2025-08-05T23:37:56.646Z,RAPIRA,USDT/RUB,80.95595240548307,80.98,,0.029704541546843283,,,
2025-08-05T23:37:57.459Z,GRINEX,USDT/RUB,80.78,81.01,,0.2847239415697004,,,
2025-08-05T23:37:58.209Z,GRINEX,USDT/A7A5,80.75,80.967659852,,0.26954780433436165,,,
2025-08-05T23:37:58.745Z,MOEX,USDRUBF,,,80.13,,7649,0.18,0.08012999999999999
2025-08-05T23:37:58.938Z,MOEX,Si-9.25,,,81128,,22767,0.14,81.128
2025-08-05T23:37:59.127Z,MOEX,Si-12.25,,,83962,,1087,0.18,83.962
2025-08-05T23:37:59.325Z,MOEX,Si-3.26,,,86964,,7,0.23,86.964
2025-08-05T23:38:26.647Z,RAPIRA,USDT/RUB,80.95595240548307,80.98,,0.029704541546843283,,,
2025-08-05T23:38:27.531Z,GRINEX,USDT/RUB,80.78,81.01,,0.2847239415697004,,,
2025-08-05T23:38:28.246Z,GRINEX,USDT/A7A5,80.75,80.967659852,,0.26954780433436165,,,
2025-08-05T23:38:28.776Z,MOEX,USDRUBF,,,80.13,,7649,0.18,0.08012999999999999
2025-08-05T23:38:28.966Z,MOEX,Si-9.25,,,81128,,22767,0.14,81.128
2025-08-05T23:38:29.164Z,MOEX,Si-12.25,,,83962,,1087,0.18,83.962
2025-08-05T23:38:29.357Z,MOEX,Si-3.26,,,86964,,7,0.23,86.964
2025-08-05T23:38:56.688Z,RAPIRA,USDT/RUB,80.95595240548307,80.98,,0.029704541546843283,,,
2025-08-05T23:38:57.417Z,GRINEX,USDT/RUB,80.78,81.01,,0.2847239415697004,,,
2025-08-05T23:38:57.722Z,GRINEX,USDT/A7A5,80.75,80.967659852,,0.26954780433436165,,,
2025-08-05T23:38:58.260Z,MOEX,USDRUBF,,,80.13,,7649,0.18,0.08012999999999999
2025-08-05T23:38:58.450Z,MOEX,Si-9.25,,,81128,,22767,0.14,81.128
2025-08-05T23:38:58.643Z,MOEX,Si-12.25,,,83962,,1087,0.18,83.962
2025-08-05T23:38:58.833Z,MOEX,Si-3.26,,,86964,,7,0.23,86.964
2025-08-05T23:39:26.662Z,RAPIRA,USDT/RUB,80.95595240548307,80.98,,0.029704541546843283,,,
2025-08-05T23:39:27.397Z,GRINEX,USDT/RUB,80.78,81.01,,0.2847239415697004,,,
2025-08-05T23:39:28.121Z,GRINEX,USDT/A7A5,80.75,80.967659852,,0.26954780433436165,,,
2025-08-05T23:39:28.669Z,MOEX,USDRUBF,,,80.13,,7649,0.18,0.08012999999999999
2025-08-05T23:39:28.865Z,MOEX,Si-9.25,,,81128,,22767,0.14,81.128
2025-08-05T23:39:29.059Z,MOEX,Si-12.25,,,83962,,1087,0.18,83.962
2025-08-05T23:39:29.251Z,MOEX,Si-3.26,,,86964,,7,0.23,86.964
2025-08-05T23:39:56.654Z,RAPIRA,USDT/RUB,80.95595240548307,80.98,,0.029704541546843283,,,
2025-08-05T23:39:57.438Z,GRINEX,USDT/RUB,80.78,81.01,,0.2847239415697004,,,
2025-08-05T23:39:58.154Z,GRINEX,USDT/A7A5,80.75,80.967659852,,0.26954780433436165,,,
2025-08-05T23:39:58.705Z,MOEX,USDRUBF,,,80.13,,7649,0.18,0.08012999999999999
2025-08-05T23:39:58.898Z,MOEX,Si-9.25,,,81128,,22767,0.14,81.128
2025-08-05T23:39:59.091Z,MOEX,Si-12.25,,,83962,,1087,0.18,83.962
2025-08-05T23:39:59.288Z,MOEX,Si-3.26,,,86964,,7,0.23,86.964
2025-08-05T23:40:26.975Z,RAPIRA,USDT/RUB,80.95595240548307,80.98,,0.029704541546843283,,,
2025-08-05T23:40:27.688Z,GRINEX,USDT/RUB,80.78,81.01,,0.2847239415697004,,,
2025-08-05T23:40:28.415Z,GRINEX,USDT/A7A5,80.75,80.967659852,,0.26954780433436165,,,
2025-08-05T23:40:28.959Z,MOEX,USDRUBF,,,80.13,,7649,0.18,0.08012999999999999
2025-08-05T23:40:29.181Z,MOEX,Si-9.25,,,81128,,22767,0.14,81.128
2025-08-05T23:40:29.375Z,MOEX,Si-12.25,,,83962,,1087,0.18,83.962
2025-08-05T23:40:29.568Z,MOEX,Si-3.26,,,86964,,7,0.23,86.964
2025-08-05T23:40:56.656Z,RAPIRA,USDT/RUB,80.95595240548307,80.98,,0.029704541546843283,,,
2025-08-05T23:40:57.606Z,GRINEX,USDT/RUB,80.78,81.01,,0.2847239415697004,,,
2025-08-05T23:40:58.316Z,GRINEX,USDT/A7A5,80.75,80.967659852,,0.26954780433436165,,,
2025-08-05T23:40:58.862Z,MOEX,USDRUBF,,,80.13,,7649,0.18,0.08012999999999999
2025-08-05T23:40:59.055Z,MOEX,Si-9.25,,,81128,,22767,0.14,81.128
2025-08-05T23:40:59.248Z,MOEX,Si-12.25,,,83962,,1087,0.18,83.962
2025-08-05T23:40:59.614Z,MOEX,Si-3.26,,,86964,,7,0.23,86.964
2025-08-05T23:41:26.660Z,RAPIRA,USDT/RUB,80.95595240548307,80.98,,0.029704541546843283,,,
2025-08-05T23:41:27.410Z,GRINEX,USDT/RUB,80.78,81.01,,0.2847239415697004,,,
2025-08-05T23:41:28.277Z,GRINEX,USDT/A7A5,80.75,80.967659852,,0.26954780433436165,,,
2025-08-05T23:41:29.136Z,MOEX,USDRUBF,,,80.13,,7649,0.18,0.08012999999999999
2025-08-05T23:41:29.489Z,MOEX,Si-9.25,,,81128,,22767,0.14,81.128
2025-08-05T23:41:29.681Z,MOEX,Si-12.25,,,83962,,1087,0.18,83.962
2025-08-05T23:41:29.872Z,MOEX,Si-3.26,,,86964,,7,0.23,86.964
2025-08-05T23:41:56.650Z,RAPIRA,USDT/RUB,80.95595240548307,80.98,,0.029704541546843283,,,
2025-08-05T23:41:57.369Z,GRINEX,USDT/RUB,80.78,81.01,,0.2847239415697004,,,
2025-08-05T23:41:58.234Z,GRINEX,USDT/A7A5,80.751616008,80.967659852,,0.26754120187340225,,,
2025-08-05T23:41:58.789Z,MOEX,USDRUBF,,,80.13,,7649,0.18,0.08012999999999999
2025-08-05T23:41:58.979Z,MOEX,Si-9.25,,,81128,,22767,0.14,81.128
2025-08-05T23:41:59.169Z,MOEX,Si-12.25,,,83962,,1087,0.18,83.962
2025-08-05T23:41:59.363Z,MOEX,Si-3.26,,,86964,,7,0.23,86.964
2025-08-05T23:42:26.661Z,RAPIRA,USDT/RUB,80.95595240548307,80.98,,0.029704541546843283,,,
2025-08-05T23:42:27.372Z,GRINEX,USDT/RUB,80.78,81.01,,0.2847239415697004,,,
2025-08-05T23:42:28.110Z,GRINEX,USDT/A7A5,80.751616008,80.967659852,,0.26754120187340225,,,
2025-08-05T23:42:28.824Z,MOEX,USDRUBF,,,80.13,,7649,0.18,0.08012999999999999
2025-08-05T23:42:29.020Z,MOEX,Si-9.25,,,81128,,22767,0.14,81.128
2025-08-05T23:42:29.220Z,MOEX,Si-12.25,,,83962,,1087,0.18,83.962
2025-08-05T23:42:29.428Z,MOEX,Si-3.26,,,86964,,7,0.23,86.964
2025-08-05T23:42:56.671Z,RAPIRA,USDT/RUB,80.95595240548307,80.98,,0.029704541546843283,,,
2025-08-05T23:42:57.405Z,GRINEX,USDT/RUB,80.78,81.01,,0.2847239415697004,,,
2025-08-05T23:42:58.133Z,GRINEX,USDT/A7A5,80.751616008,80.967659852,,0.26754120187340225,,,
2025-08-05T23:42:58.844Z,MOEX,USDRUBF,,,80.13,,7649,0.18,0.08012999999999999
2025-08-05T23:42:59.037Z,MOEX,Si-9.25,,,81128,,22767,0.14,81.128
2025-08-05T23:42:59.228Z,MOEX,Si-12.25,,,83962,,1087,0.18,83.962
2025-08-05T23:42:59.422Z,MOEX,Si-3.26,,,86964,,7,0.23,86.964
2025-08-05T23:43:26.668Z,RAPIRA,USDT/RUB,80.95595240548307,80.98,,0.029704541546843283,,,
2025-08-05T23:43:27.364Z,GRINEX,USDT/RUB,80.78,81.01,,0.2847239415697004,,,
2025-08-05T23:43:28.071Z,GRINEX,USDT/A7A5,80.75,80.967659852,,0.26954780433436165,,,
2025-08-05T23:43:28.613Z,MOEX,USDRUBF,,,80.13,,7649,0.18,0.08012999999999999
2025-08-05T23:43:28.805Z,MOEX,Si-9.25,,,81128,,22767,0.14,81.128
2025-08-05T23:43:28.996Z,MOEX,Si-12.25,,,83962,,1087,0.18,83.962
2025-08-05T23:43:29.194Z,MOEX,Si-3.26,,,86964,,7,0.23,86.964
2025-08-05T23:43:56.671Z,RAPIRA,USDT/RUB,80.95595240548307,80.98,,0.029704541546843283,,,
2025-08-05T23:43:57.361Z,GRINEX,USDT/RUB,80.78,81.01,,0.2847239415697004,,,
2025-08-05T23:43:58.111Z,GRINEX,USDT/A7A5,80.75,80.967659852,,0.26954780433436165,,,
2025-08-05T23:43:58.652Z,MOEX,USDRUBF,,,80.13,,7649,0.18,0.08012999999999999
2025-08-05T23:43:58.844Z,MOEX,Si-9.25,,,81128,,22767,0.14,81.128
2025-08-05T23:43:59.036Z,MOEX,Si-12.25,,,83962,,1087,0.18,83.962
2025-08-05T23:43:59.228Z,MOEX,Si-3.26,,,86964,,7,0.23,86.964
2025-08-05T23:44:26.678Z,RAPIRA,USDT/RUB,80.95595240548307,80.98,,0.029704541546843283,,,
2025-08-05T23:44:27.568Z,GRINEX,USDT/RUB,80.78,81.01,,0.2847239415697004,,,
2025-08-05T23:44:28.289Z,GRINEX,USDT/A7A5,80.75,80.967659852,,0.26954780433436165,,,
2025-08-05T23:44:28.825Z,MOEX,USDRUBF,,,80.13,,7649,0.18,0.08012999999999999
2025-08-05T23:44:29.019Z,MOEX,Si-9.25,,,81128,,22767,0.14,81.128
2025-08-05T23:44:29.213Z,MOEX,Si-12.25,,,83962,,1087,0.18,83.962
2025-08-05T23:44:29.404Z,MOEX,Si-3.26,,,86964,,7,0.23,86.964
2025-08-05T23:44:56.649Z,RAPIRA,USDT/RUB,80.95595240548307,80.98,,0.029704541546843283,,,
2025-08-05T23:44:57.410Z,GRINEX,USDT/RUB,80.78,81.01,,0.2847239415697004,,,
2025-08-05T23:44:58.151Z,GRINEX,USDT/A7A5,80.75,80.967659852,,0.26954780433436165,,,
2025-08-05T23:44:58.681Z,MOEX,USDRUBF,,,80.13,,7649,0.18,0.08012999999999999
2025-08-05T23:44:58.870Z,MOEX,Si-9.25,,,81128,,22767,0.14,81.128
2025-08-05T23:44:59.061Z,MOEX,Si-12.25,,,83962,,1087,0.18,83.962
2025-08-05T23:44:59.252Z,MOEX,Si-3.26,,,86964,,7,0.23,86.964
2025-08-05T23:45:26.679Z,RAPIRA,USDT/RUB,80.95595240548307,80.98,,0.029704541546843283,,,
2025-08-05T23:45:27.419Z,GRINEX,USDT/RUB,80.78,81.01,,0.2847239415697004,,,
2025-08-05T23:45:28.179Z,GRINEX,USDT/A7A5,80.75,80.967659852,,0.26954780433436165,,,
2025-08-05T23:45:28.717Z,MOEX,USDRUBF,,,80.13,,7649,0.18,0.08012999999999999
2025-08-05T23:45:28.912Z,MOEX,Si-9.25,,,81128,,22767,0.14,81.128
2025-08-05T23:45:29.105Z,MOEX,Si-12.25,,,83962,,1087,0.18,83.962
2025-08-05T23:45:29.299Z,MOEX,Si-3.26,,,86964,,7,0.23,86.964
2025-08-05T23:45:56.684Z,RAPIRA,USDT/RUB,80.95789003304884,80.98,,0.027310453548304293,,,
2025-08-05T23:45:57.340Z,GRINEX,USDT/RUB,80.78,81.01,,0.2847239415697004,,,
2025-08-05T23:45:58.108Z,GRINEX,USDT/A7A5,80.75,80.967659852,,0.26954780433436165,,,
2025-08-05T23:45:58.646Z,MOEX,USDRUBF,,,80.13,,7649,0.18,0.08012999999999999
2025-08-05T23:45:58.841Z,MOEX,Si-9.25,,,81128,,22767,0.14,81.128
2025-08-05T23:45:59.037Z,MOEX,Si-12.25,,,83962,,1087,0.18,83.962
2025-08-05T23:45:59.227Z,MOEX,Si-3.26,,,86964,,7,0.23,86.964
2025-08-05T23:46:26.667Z,RAPIRA,USDT/RUB,80.95789003304884,80.98,,0.027310453548304293,,,
2025-08-05T23:46:27.282Z,GRINEX,USDT/RUB,80.78,81.01,,0.2847239415697004,,,
2025-08-05T23:46:28.006Z,GRINEX,USDT/A7A5,80.75,80.967659852,,0.26954780433436165,,,
2025-08-05T23:46:28.548Z,MOEX,USDRUBF,,,80.13,,7649,0.18,0.08012999999999999
2025-08-05T23:46:28.748Z,MOEX,Si-9.25,,,81128,,22767,0.14,81.128
2025-08-05T23:46:28.940Z,MOEX,Si-12.25,,,83962,,1087,0.18,83.962
2025-08-05T23:46:29.139Z,MOEX,Si-3.26,,,86964,,7,0.23,86.964
2025-08-05T23:46:56.824Z,RAPIRA,USDT/RUB,80.95789003304884,80.98,,0.027310453548304293,,,
2025-08-05T23:46:57.477Z,GRINEX,USDT/RUB,80.78,81.01,,0.2847239415697004,,,
2025-08-05T23:46:58.212Z,GRINEX,USDT/A7A5,80.75,80.967659852,,0.26954780433436165,,,
2025-08-05T23:46:58.745Z,MOEX,USDRUBF,,,80.13,,7649,0.18,0.08012999999999999
2025-08-05T23:46:58.937Z,MOEX,Si-9.25,,,81128,,22767,0.14,81.128
2025-08-05T23:46:59.129Z,MOEX,Si-12.25,,,83962,,1087,0.18,83.962
2025-08-05T23:46:59.320Z,MOEX,Si-3.26,,,86964,,7,0.23,86.964
2025-08-05T23:47:26.698Z,RAPIRA,USDT/RUB,80.95789003304884,80.98,,0.027310453548304293,,,
2025-08-05T23:47:27.446Z,GRINEX,USDT/RUB,80.78,81.01,,0.2847239415697004,,,
2025-08-05T23:47:28.158Z,GRINEX,USDT/A7A5,80.75,80.967659852,,0.26954780433436165,,,
2025-08-05T23:47:28.697Z,MOEX,USDRUBF,,,80.13,,7649,0.18,0.08012999999999999
2025-08-05T23:47:28.890Z,MOEX,Si-9.25,,,81128,,22767,0.14,81.128
2025-08-05T23:47:29.083Z,MOEX,Si-12.25,,,83962,,1087,0.18,83.962
2025-08-05T23:47:29.280Z,MOEX,Si-3.26,,,86964,,7,0.23,86.964
2025-08-05T23:47:56.702Z,RAPIRA,USDT/RUB,80.95789003304884,80.98,,0.027310453548304293,,,
2025-08-05T23:47:57.384Z,GRINEX,USDT/RUB,80.78,81.01,,0.2847239415697004,,,
2025-08-05T23:47:57.668Z,GRINEX,USDT/A7A5,80.73099791800001,80.967171996,,0.2925444799281151,,,
2025-08-05T23:47:58.215Z,MOEX,USDRUBF,,,80.13,,7649,0.18,0.08012999999999999
2025-08-05T23:47:58.408Z,MOEX,Si-9.25,,,81128,,22767,0.14,81.128
2025-08-05T23:47:58.602Z,MOEX,Si-12.25,,,83962,,1087,0.18,83.962
2025-08-05T23:47:58.793Z,MOEX,Si-3.26,,,86964,,7,0.23,86.964
2025-08-05T23:48:27.081Z,RAPIRA,USDT/RUB,80.95789003304884,80.98,,0.027310453548304293,,,
2025-08-05T23:48:27.684Z,GRINEX,USDT/RUB,80.78,81.01,,0.2847239415697004,,,
2025-08-05T23:48:27.958Z,GRINEX,USDT/A7A5,80.73099791800001,80.967171996,,0.2925444799281151,,,
2025-08-05T23:48:28.499Z,MOEX,USDRUBF,,,80.13,,7649,0.18,0.08012999999999999
2025-08-05T23:48:28.692Z,MOEX,Si-9.25,,,81128,,22767,0.14,81.128
2025-08-05T23:48:28.886Z,MOEX,Si-12.25,,,83962,,1087,0.18,83.962
2025-08-05T23:48:29.079Z,MOEX,Si-3.26,,,86964,,7,0.23,86.964
2025-08-05T23:48:56.681Z,RAPIRA,USDT/RUB,80.95789003304884,80.98,,0.027310453548304293,,,
2025-08-05T23:48:57.410Z,GRINEX,USDT/RUB,80.78,81.01,,0.2847239415697004,,,
2025-08-05T23:48:58.147Z,GRINEX,USDT/A7A5,80.73099791800001,80.967171996,,0.2925444799281151,,,
2025-08-05T23:48:58.691Z,MOEX,USDRUBF,,,80.13,,7649,0.18,0.08012999999999999
2025-08-05T23:48:58.884Z,MOEX,Si-9.25,,,81128,,22767,0.14,81.128
2025-08-05T23:48:59.078Z,MOEX,Si-12.25,,,83962,,1087,0.18,83.962
2025-08-05T23:48:59.273Z,MOEX,Si-3.26,,,86964,,7,0.23,86.964
2025-08-05T23:49:26.692Z,RAPIRA,USDT/RUB,80.95789003304884,80.98,,0.027310453548304293,,,
2025-08-05T23:49:27.316Z,GRINEX,USDT/RUB,80.78,81.01,,0.2847239415697004,,,
2025-08-05T23:49:27.600Z,GRINEX,USDT/A7A5,80.73099791800001,80.967171996,,0.2925444799281151,,,
2025-08-05T23:49:28.132Z,MOEX,USDRUBF,,,80.13,,7649,0.18,0.08012999999999999
2025-08-05T23:49:28.324Z,MOEX,Si-9.25,,,81128,,22767,0.14,81.128
2025-08-05T23:49:28.516Z,MOEX,Si-12.25,,,83962,,1087,0.18,83.962
2025-08-05T23:49:28.710Z,MOEX,Si-3.26,,,86964,,7,0.23,86.964
2025-08-05T23:49:56.681Z,RAPIRA,USDT/RUB,80.95789003304884,80.98,,0.027310453548304293,,,
2025-08-05T23:49:57.551Z,GRINEX,USDT/RUB,80.78,81.01,,0.2847239415697004,,,
2025-08-05T23:49:58.254Z,GRINEX,USDT/A7A5,80.73099791800001,80.967171996,,0.2925444799281151,,,
2025-08-05T23:49:58.795Z,MOEX,USDRUBF,,,80.13,,7649,0.18,0.08012999999999999
2025-08-05T23:49:58.991Z,MOEX,Si-9.25,,,81128,,22767,0.14,81.128
2025-08-05T23:49:59.185Z,MOEX,Si-12.25,,,83962,,1087,0.18,83.962
2025-08-05T23:49:59.376Z,MOEX,Si-3.26,,,86964,,7,0.23,86.964
2025-08-05T23:50:26.714Z,RAPIRA,USDT/RUB,80.95789003304884,80.98,,0.027310453548304293,,,
2025-08-05T23:50:27.406Z,GRINEX,USDT/RUB,80.78,81.01,,0.2847239415697004,,,
2025-08-05T23:50:28.164Z,GRINEX,USDT/A7A5,80.73099791800001,80.967171996,,0.2925444799281151,,,
2025-08-05T23:50:28.712Z,MOEX,USDRUBF,,,80.13,,7649,0.18,0.08012999999999999
2025-08-05T23:50:28.903Z,MOEX,Si-9.25,,,81128,,22767,0.14,81.128
2025-08-05T23:50:29.097Z,MOEX,Si-12.25,,,83962,,1087,0.18,83.962
2025-08-05T23:50:29.294Z,MOEX,Si-3.26,,,86964,,7,0.23,86.964
2025-08-05T23:50:56.696Z,RAPIRA,USDT/RUB,80.95789003304884,80.98,,0.027310453548304293,,,
2025-08-05T23:50:57.319Z,GRINEX,USDT/RUB,80.78,81.01,,0.2847239415697004,,,
2025-08-05T23:50:57.987Z,GRINEX,USDT/A7A5,80.73099791800001,80.967171996,,0.2925444799281151,,,
2025-08-05T23:50:58.521Z,MOEX,USDRUBF,,,80.13,,7649,0.18,0.08012999999999999
2025-08-05T23:50:58.715Z,MOEX,Si-9.25,,,81128,,22767,0.14,81.128
2025-08-05T23:50:58.906Z,MOEX,Si-12.25,,,83962,,1087,0.18,83.962
2025-08-05T23:50:59.096Z,MOEX,Si-3.26,,,86964,,7,0.23,86.964
2025-08-05T23:51:26.717Z,RAPIRA,USDT/RUB,80.95789003304884,80.98,,0.027310453548304293,,,
2025-08-05T23:51:27.383Z,GRINEX,USDT/RUB,80.78,81.01,,0.2847239415697004,,,
2025-08-05T23:51:28.221Z,GRINEX,USDT/A7A5,80.73099791800001,80.967171996,,0.2925444799281151,,,
2025-08-05T23:51:28.758Z,MOEX,USDRUBF,,,80.13,,7649,0.18,0.08012999999999999
2025-08-05T23:51:29.118Z,MOEX,Si-9.25,,,81128,,22767,0.14,81.128
2025-08-05T23:51:29.308Z,MOEX,Si-12.25,,,83962,,1087,0.18,83.962
2025-08-05T23:51:29.497Z,MOEX,Si-3.26,,,86964,,7,0.23,86.964
2025-08-05T23:51:56.696Z,RAPIRA,USDT/RUB,80.95789003304884,80.98,,0.027310453548304293,,,
2025-08-05T23:51:57.396Z,GRINEX,USDT/RUB,80.78,81.01,,0.2847239415697004,,,
2025-08-05T23:51:58.108Z,GRINEX,USDT/A7A5,80.73099791800001,80.967171996,,0.2925444799281151,,,
2025-08-05T23:51:58.643Z,MOEX,USDRUBF,,,80.13,,7649,0.18,0.08012999999999999
2025-08-05T23:51:58.843Z,MOEX,Si-9.25,,,81128,,22767,0.14,81.128
2025-08-05T23:51:59.034Z,MOEX,Si-12.25,,,83962,,1087,0.18,83.962
2025-08-05T23:51:59.228Z,MOEX,Si-3.26,,,86964,,7,0.23,86.964
2025-08-05T23:52:26.699Z,RAPIRA,USDT/RUB,80.95789003304884,80.98,,0.027310453548304293,,,
2025-08-05T23:52:27.036Z,GRINEX,USDT/RUB,80.78,81.01,,0.2847239415697004,,,
2025-08-05T23:52:27.710Z,GRINEX,USDT/A7A5,80.73099791800001,80.967171996,,0.2925444799281151,,,
2025-08-05T23:52:28.255Z,MOEX,USDRUBF,,,80.13,,7649,0.18,0.08012999999999999
2025-08-05T23:52:28.447Z,MOEX,Si-9.25,,,81128,,22767,0.14,81.128
2025-08-05T23:52:28.639Z,MOEX,Si-12.25,,,83962,,1087,0.18,83.962
2025-08-05T23:52:28.830Z,MOEX,Si-3.26,,,86964,,7,0.23,86.964
2025-08-05T23:52:56.726Z,RAPIRA,USDT/RUB,80.95789003304884,80.98,,0.027310453548304293,,,
2025-08-05T23:52:57.420Z,GRINEX,USDT/RUB,80.78,81.01,,0.2847239415697004,,,
2025-08-05T23:52:58.156Z,GRINEX,USDT/A7A5,80.73099791800001,80.967171996,,0.2925444799281151,,,
2025-08-05T23:52:58.704Z,MOEX,USDRUBF,,,80.13,,7649,0.18,0.08012999999999999
2025-08-05T23:52:58.898Z,MOEX,Si-9.25,,,81128,,22767,0.14,81.128
2025-08-05T23:52:59.090Z,MOEX,Si-12.25,,,83962,,1087,0.18,83.962
2025-08-05T23:52:59.281Z,MOEX,Si-3.26,,,86964,,7,0.23,86.964
2025-08-05T23:53:26.712Z,RAPIRA,USDT/RUB,80.95789003304884,80.98,,0.027310453548304293,,,
2025-08-05T23:53:27.322Z,GRINEX,USDT/RUB,80.78,81.01,,0.2847239415697004,,,
2025-08-05T23:53:28.044Z,GRINEX,USDT/A7A5,80.73099791800001,80.967171996,,0.2925444799281151,,,
2025-08-05T23:53:28.584Z,MOEX,USDRUBF,,,80.13,,7649,0.18,0.08012999999999999
2025-08-05T23:53:28.776Z,MOEX,Si-9.25,,,81128,,22767,0.14,81.128
2025-08-05T23:53:28.968Z,MOEX,Si-12.25,,,83962,,1087,0.18,83.962
2025-08-05T23:53:29.159Z,MOEX,Si-3.26,,,86964,,7,0.23,86.964
2025-08-05T23:53:56.735Z,RAPIRA,USDT/RUB,80.95789003304884,80.98,,0.027310453548304293,,,
2025-08-05T23:53:57.468Z,GRINEX,USDT/RUB,80.78,81.01,,0.2847239415697004,,,
2025-08-05T23:53:58.161Z,GRINEX,USDT/A7A5,80.73099791800001,80.967171996,,0.2925444799281151,,,
2025-08-05T23:53:58.876Z,MOEX,USDRUBF,,,80.13,,7649,0.18,0.08012999999999999
2025-08-05T23:53:59.065Z,MOEX,Si-9.25,,,81128,,22767,0.14,81.128
2025-08-05T23:53:59.255Z,MOEX,Si-12.25,,,83962,,1087,0.18,83.962
2025-08-05T23:53:59.443Z,MOEX,Si-3.26,,,86964,,7,0.23,86.964
2025-08-05T23:54:26.731Z,RAPIRA,USDT/RUB,80.95789003304884,80.98,,0.027310453548304293,,,
2025-08-05T23:54:27.359Z,GRINEX,USDT/RUB,80.78,81.01,,0.2847239415697004,,,
2025-08-05T23:54:28.058Z,GRINEX,USDT/A7A5,80.73099791800001,80.967171996,,0.2925444799281151,,,
2025-08-05T23:54:28.783Z,MOEX,USDRUBF,,,80.13,,7649,0.18,0.08012999999999999
2025-08-05T23:54:28.976Z,MOEX,Si-9.25,,,81128,,22767,0.14,81.128
2025-08-05T23:54:29.171Z,MOEX,Si-12.25,,,83962,,1087,0.18,83.962
2025-08-05T23:54:29.365Z,MOEX,Si-3.26,,,86964,,7,0.23,86.964
2025-08-05T23:54:56.758Z,RAPIRA,USDT/RUB,80.95789003304884,80.98,,0.027310453548304293,,,
2025-08-05T23:54:57.462Z,GRINEX,USDT/RUB,80.78,81.01,,0.2847239415697004,,,
2025-08-05T23:54:58.179Z,GRINEX,USDT/A7A5,80.73099791800001,80.967171996,,0.2925444799281151,,,
2025-08-05T23:54:58.719Z,MOEX,USDRUBF,,,80.13,,7649,0.18,0.08012999999999999
2025-08-05T23:54:58.916Z,MOEX,Si-9.25,,,81128,,22767,0.14,81.128
2025-08-05T23:54:59.108Z,MOEX,Si-12.25,,,83962,,1087,0.18,83.962
2025-08-05T23:54:59.303Z,MOEX,Si-3.26,,,86964,,7,0.23,86.964
2025-08-05T23:55:26.739Z,RAPIRA,USDT/RUB,80.95789003304884,80.98,,0.027310453548304293,,,
2025-08-05T23:55:27.468Z,GRINEX,USDT/RUB,80.78,81.01,,0.2847239415697004,,,
2025-08-05T23:55:28.217Z,GRINEX,USDT/A7A5,80.739086846,80.97,,0.285999214284441,,,
2025-08-05T23:55:28.762Z,MOEX,USDRUBF,,,80.13,,7649,0.18,0.08012999999999999
2025-08-05T23:55:28.956Z,MOEX,Si-9.25,,,81128,,22767,0.14,81.128
2025-08-05T23:55:29.975Z,MOEX,Si-12.25,,,83962,,1087,0.18,83.962
2025-08-05T23:55:30.966Z,MOEX,Si-3.26,,,86964,,7,0.23,86.964
2025-08-05T23:55:56.720Z,RAPIRA,USDT/RUB,80.95789003304884,80.98,,0.027310453548304293,,,
2025-08-05T23:55:57.372Z,GRINEX,USDT/RUB,80.78,81.01,,0.2847239415697004,,,
2025-08-05T23:55:58.096Z,GRINEX,USDT/A7A5,80.739086846,80.97,,0.285999214284441,,,
2025-08-05T23:55:58.624Z,MOEX,USDRUBF,,,80.13,,7649,0.18,0.08012999999999999
2025-08-05T23:55:58.811Z,MOEX,Si-9.25,,,81128,,22767,0.14,81.128
2025-08-05T23:55:59.002Z,MOEX,Si-12.25,,,83962,,1087,0.18,83.962
2025-08-05T23:55:59.190Z,MOEX,Si-3.26,,,86964,,7,0.23,86.964
2025-08-05T23:56:26.728Z,RAPIRA,USDT/RUB,80.95789003304884,80.98,,0.027310453548304293,,,
2025-08-05T23:56:27.432Z,GRINEX,USDT/RUB,80.78,81.01,,0.2847239415697004,,,
2025-08-05T23:56:28.176Z,GRINEX,USDT/A7A5,80.739086846,80.97,,0.285999214284441,,,
2025-08-05T23:56:28.713Z,MOEX,USDRUBF,,,80.13,,7649,0.18,0.08012999999999999
2025-08-05T23:56:28.910Z,MOEX,Si-9.25,,,81128,,22767,0.14,81.128
2025-08-05T23:56:29.103Z,MOEX,Si-12.25,,,83962,,1087,0.18,83.962
2025-08-05T23:56:29.296Z,MOEX,Si-3.26,,,86964,,7,0.23,86.964
2025-08-05T23:56:56.718Z,RAPIRA,USDT/RUB,80.95789003304884,80.98,,0.027310453548304293,,,
2025-08-05T23:56:57.427Z,GRINEX,USDT/RUB,80.78,81.01,,0.2847239415697004,,,
2025-08-05T23:56:58.144Z,GRINEX,USDT/A7A5,80.739086846,80.97,,0.285999214284441,,,
2025-08-05T23:56:58.689Z,MOEX,USDRUBF,,,80.13,,7649,0.18,0.08012999999999999
2025-08-05T23:56:58.878Z,MOEX,Si-9.25,,,81128,,22767,0.14,81.128
2025-08-05T23:56:59.068Z,MOEX,Si-12.25,,,83962,,1087,0.18,83.962
2025-08-05T23:56:59.257Z,MOEX,Si-3.26,,,86964,,7,0.23,86.964
2025-08-05T23:57:26.714Z,RAPIRA,USDT/RUB,80.95789003304884,80.98,,0.027310453548304293,,,
2025-08-05T23:57:27.441Z,GRINEX,USDT/RUB,80.78,81.01,,0.2847239415697004,,,
2025-08-05T23:57:28.159Z,GRINEX,USDT/A7A5,80.739086846,80.97,,0.285999214284441,,,
2025-08-05T23:57:28.700Z,MOEX,USDRUBF,,,80.13,,7649,0.18,0.08012999999999999
2025-08-05T23:57:28.895Z,MOEX,Si-9.25,,,81128,,22767,0.14,81.128
2025-08-05T23:57:29.092Z,MOEX,Si-12.25,,,83962,,1087,0.18,83.962
2025-08-05T23:57:29.286Z,MOEX,Si-3.26,,,86964,,7,0.23,86.964
2025-08-05T23:57:56.716Z,RAPIRA,USDT/RUB,80.95789003304884,80.98,,0.027310453548304293,,,
2025-08-05T23:57:57.384Z,GRINEX,USDT/RUB,80.78,81.01,,0.2847239415697004,,,
2025-08-05T23:57:58.147Z,GRINEX,USDT/A7A5,80.739086846,80.97,,0.285999214284441,,,
2025-08-05T23:57:58.900Z,MOEX,USDRUBF,,,80.13,,7649,0.18,0.08012999999999999
2025-08-05T23:57:59.088Z,MOEX,Si-9.25,,,81128,,22767,0.14,81.128
2025-08-05T23:57:59.279Z,MOEX,Si-12.25,,,83962,,1087,0.18,83.962
2025-08-05T23:57:59.469Z,MOEX,Si-3.26,,,86964,,7,0.23,86.964
2025-08-05T23:58:26.736Z,RAPIRA,USDT/RUB,80.95789003304884,80.98,,0.027310453548304293,,,
2025-08-05T23:58:27.402Z,GRINEX,USDT/RUB,80.78,81.01,,0.2847239415697004,,,
2025-08-05T23:58:28.090Z,GRINEX,USDT/A7A5,80.739086846,80.97,,0.285999214284441,,,
2025-08-05T23:58:28.641Z,MOEX,USDRUBF,,,80.13,,7649,0.18,0.08012999999999999
2025-08-05T23:58:28.838Z,MOEX,Si-9.25,,,81128,,22767,0.14,81.128
2025-08-05T23:58:29.041Z,MOEX,Si-12.25,,,83962,,1087,0.18,83.962
2025-08-05T23:58:29.237Z,MOEX,Si-3.26,,,86964,,7,0.23,86.964
2025-08-05T23:58:56.736Z,RAPIRA,USDT/RUB,80.95789003304884,80.98,,0.027310453548304293,,,
2025-08-05T23:58:57.397Z,GRINEX,USDT/RUB,80.78,81.01,,0.2847239415697004,,,
2025-08-05T23:58:58.128Z,GRINEX,USDT/A7A5,80.739086846,80.97,,0.285999214284441,,,
2025-08-05T23:58:58.667Z,MOEX,USDRUBF,,,80.13,,7649,0.18,0.08012999999999999
2025-08-05T23:58:58.860Z,MOEX,Si-9.25,,,81128,,22767,0.14,81.128
2025-08-05T23:58:59.052Z,MOEX,Si-12.25,,,83962,,1087,0.18,83.962
